<?xml version="1.0" encoding="UTF-8"?>
<!DOCTYPE html PUBLIC "-//W3C//DTD XHTML 1.0 Transitional//EN"
    "http://www.w3.org/TR/xhtml1/DTD/xhtml1-transitional.dtd">
<html xmlns="http://www.w3.org/1999/xhtml" xml:lang="en" lang="en">
 <head>
  <title>
</title>
<meta http-equiv="Content-Type" content="text/html;charset=utf-8" />
  <meta name='ocr-system' content='tesseract 3.04.00' />
  <meta name='ocr-capabilities' content='ocr_page ocr_carea ocr_par ocr_line ocrx_word'/>
</head>
<body>
  <div class='ocr_page' id='page_1' title='image "./phoronomiasived00hermgoog_0213.png"; bbox 0 0 4214 5416; ppageno 0'>
   <div class='ocr_carea' id='block_1_1' title="bbox 292 173 1839 346">
    <p class='ocr_par' dir='ltr' id='par_1_1' title="bbox 292 173 1839 346">
     <span class='ocr_line' id='line_1_1' title="bbox 292 173 1839 346; baseline -0.003 -26"><span class='ocrx_word' id='word_1_1' title='bbox 292 181 296 194; x_wconf 29' lang='grc' dir='ltr'><strong><em>Ι</em></strong></span> <span class='ocrx_word' id='word_1_2' title='bbox 378 173 1839 346; x_wconf 64' lang='lat' dir='ltr'>184DsVrnrnusrrMomu}corrotunLnJI.</span> 
     </span>
    </p>
   </div>
   <div class='ocr_carea' id='block_1_2' title="bbox 256 346 2097 4197">
    <p class='ocr_par' dir='ltr' id='par_1_2' title="bbox 372 346 2097 708">
     <span class='ocr_line' id='line_1_2' title="bbox 373 346 2097 484; baseline 0.002 -28"><span class='ocrx_word' id='word_1_3' title='bbox 373 400 455 484; x_wconf 87' lang='lat' dir='ltr'>que</span> <span class='ocrx_word' id='word_1_4' title='bbox 473 346 603 456; x_wconf 82' lang='lat' dir='ltr'>fundo</span> <span class='ocrx_word' id='word_1_5' title='bbox 621 369 926 468; x_wconf 86' lang='lat' dir='ltr'>afferruminato</span> <span class='ocrx_word' id='word_1_6' title='bbox 945 368 999 451; x_wconf 89' lang='lat' dir='ltr'>ad</span> <span class='ocrx_word' id='word_1_7' title='bbox 1016 367 1185 480; x_wconf 89' lang='lat' dir='ltr'>angulos</span> <span class='ocrx_word' id='word_1_8' title='bbox 1215 365 1344 452; x_wconf 73' lang='lat' dir='ltr'>rettos</span> <span class='ocrx_word' id='word_1_9' title='bbox 1375 367 1545 470; x_wconf 80' lang='lat' dir='ltr'>inserta,</span> <span class='ocrx_word' id='word_1_10' title='bbox 1571 371 1697 456; x_wconf 86' lang='lat' dir='ltr'>libere</span> <span class='ocrx_word' id='word_1_11' title='bbox 1722 373 1819 460; x_wconf 92' lang='lat' dir='ltr'>hinc</span> <span class='ocrx_word' id='word_1_12' title='bbox 1839 375 1903 460; x_wconf 89' lang='lat' dir='ltr'>in-</span> <span class='ocrx_word' id='word_1_13' title='bbox 1977 415 1988 443; x_wconf 49' lang='lat'><strong>*</strong></span> <span class='ocrx_word' id='word_1_14' title='bbox 2086 399 2097 427; x_wconf 66' lang='lat'>·‘</span> 
     </span>
     <span class='ocr_line' id='line_1_3' title="bbox 373 480 1901 594; baseline 0.005 -26"><span class='ocrx_word' id='word_1_15' title='bbox 373 487 427 576; x_wconf 91' lang='lat' dir='ltr'>de</span> <span class='ocrx_word' id='word_1_16' title='bbox 445 487 674 582; x_wconf 87' lang='lat' dir='ltr'>volvenda,</span> <span class='ocrx_word' id='word_1_17' title='bbox 700 483 899 568; x_wconf 87' lang='lat' dir='ltr'>foramine</span> <span class='ocrx_word' id='word_1_18' title='bbox 917 482 1096 564; x_wconf 90' lang='lat' dir='ltr'>rotundo</span> <span class='ocrx_word' id='word_1_19' title='bbox 1114 480 1397 594; x_wconf 87' lang='lat' dir='ltr'>amplitudinis</span> <span class='ocrx_word' id='word_1_20' title='bbox 1427 484 1590 567; x_wconf 86' lang='lat' dir='ltr'>circiter</span> <span class='ocrx_word' id='word_1_21' title='bbox 1618 486 1708 568; x_wconf 91' lang='lat' dir='ltr'>tubi</span> <span class='ocrx_word' id='word_1_22' title='bbox 1737 493 1901 576; x_wconf 87' lang='lat' dir='ltr'>recurvi</span> 
     </span>
     <span class='ocr_line' id='line_1_4' title="bbox 372 591 1968 708; baseline 0.003 -27"><span class='ocrx_word' id='word_1_23' title='bbox 372 597 563 708; x_wconf 79' lang='lat' dir='ltr'>pertuso,</span> <span class='ocrx_word' id='word_1_24' title='bbox 590 627 682 680; x_wconf 91' lang='lat' dir='ltr'>eum</span> <span class='ocrx_word' id='word_1_25' title='bbox 702 599 744 680; x_wconf 93' lang='lat' dir='ltr'>in</span> <span class='ocrx_word' id='word_1_26' title='bbox 765 595 887 678; x_wconf 89' lang='lat' dir='ltr'>finem</span> <span class='ocrx_word' id='word_1_27' title='bbox 899 651 913 694; x_wconf 84' lang='lat'>,</span> <span class='ocrx_word' id='word_1_28' title='bbox 939 615 985 675; x_wconf 92' lang='lat' dir='ltr'>ut</span> <span class='ocrx_word' id='word_1_29' title='bbox 1003 591 1183 676; x_wconf 87' lang='lat' dir='ltr'>foramen</span> <span class='ocrx_word' id='word_1_30' title='bbox 1204 592 1314 676; x_wconf 89' lang='lat' dir='ltr'>istud</span> <span class='ocrx_word' id='word_1_31' title='bbox 1332 621 1426 686; x_wconf 88' lang='lat' dir='ltr'>cum</span> <span class='ocrx_word' id='word_1_32' title='bbox 1445 599 1622 680; x_wconf 81' lang='lat' dir='ltr'>cavitate</span> <span class='ocrx_word' id='word_1_33' title='bbox 1652 598 1742 679; x_wconf 92' lang='lat' dir='ltr'>tubi</span> <span class='ocrx_word' id='word_1_34' title='bbox 1766 621 1911 686; x_wconf 66' lang='lat' dir='ltr'>tecua-⁴</span> <span class='ocrx_word' id='word_1_35' title='bbox 1963 611 1968 620; x_wconf 88' lang='lat'>&#39;</span> 
     </span>
    </p>

    <p class='ocr_par' dir='ltr' id='par_1_3' title="bbox 373 705 1903 820">
     <span class='ocr_line' id='line_1_5' title="bbox 373 705 1903 820; baseline 0.004 -28"><span class='ocrx_word' id='word_1_36' title='bbox 373 713 417 792; x_wconf 92' lang='lat' dir='ltr'>vi</span> <span class='ocrx_word' id='word_1_37' title='bbox 438 711 572 792; x_wconf 85' lang='lat' dir='ltr'>antliae</span> <span class='ocrx_word' id='word_1_38' title='bbox 596 710 896 794; x_wconf 89' lang='lat' dir='ltr'>communicans</span> <span class='ocrx_word' id='word_1_39' title='bbox 914 705 1085 790; x_wconf 91' lang='lat' dir='ltr'>liberum</span> <span class='ocrx_word' id='word_1_40' title='bbox 1107 706 1190 790; x_wconf 70' lang='lat' dir='ltr'>aeri</span> <span class='ocrx_word' id='word_1_41' title='bbox 1209 732 1262 804; x_wconf 83' lang='lat' dir='ltr'>ex</span> <span class='ocrx_word' id='word_1_42' title='bbox 1279 705 1384 804; x_wconf 80' lang='lat' dir='ltr'>vase,</span> <span class='ocrx_word' id='word_1_43' title='bbox 1394 725 1446 800; x_wconf 81' lang='lat' dir='ltr'>ex</span> <span class='ocrx_word' id='word_1_44' title='bbox 1466 726 1551 817; x_wconf 66' lang='lat' dir='ltr'>qn)</span> <span class='ocrx_word' id='word_1_45' title='bbox 1568 718 1636 790; x_wconf 82' lang='lat' dir='ltr'>ae&#39;r</span> <span class='ocrx_word' id='word_1_46' title='bbox 1655 711 1811 820; x_wconf 86' lang='lat' dir='ltr'>expelli</span> <span class='ocrx_word' id='word_1_47' title='bbox 1831 715 1903 798; x_wconf 85' lang='lat' dir='ltr'>de-</span> 
     </span>
    </p>

    <p class='ocr_par' dir='ltr' id='par_1_4' title="bbox 276 819 1906 1384">
     <span class='ocr_line' id='line_1_6' title="bbox 276 819 1902 937; baseline -0.003 -28"><span class='ocrx_word' id='word_1_48' title='bbox 276 845 279 852; x_wconf 83' lang='lat'>&#39;</span> <span class='ocrx_word' id='word_1_49' title='bbox 375 819 444 915; x_wconf 88' lang='lat' dir='ltr'>bet</span> <span class='ocrx_word' id='word_1_50' title='bbox 465 819 605 934; x_wconf 86' lang='lat' dir='ltr'>(quod</span> <span class='ocrx_word' id='word_1_51' title='bbox 628 851 694 906; x_wconf 90' lang='lat' dir='ltr'>vas</span> <span class='ocrx_word' id='word_1_52' title='bbox 715 824 904 934; x_wconf 82' lang='lat' dir='ltr'>Recipiens</span> <span class='ocrx_word' id='word_1_53' title='bbox 922 847 1016 902; x_wconf 90' lang='lat' dir='ltr'>cum</span> <span class='ocrx_word' id='word_1_54' title='bbox 1034 819 1124 901; x_wconf 90' lang='lat' dir='ltr'>aliis</span> <span class='ocrx_word' id='word_1_55' title='bbox 1144 819 1303 902; x_wconf 88' lang='lat' dir='ltr'>brevius</span> <span class='ocrx_word' id='word_1_56' title='bbox 1333 819 1526 930; x_wconf 84' lang='lat' dir='ltr'>deinceps</span> <span class='ocrx_word' id='word_1_57' title='bbox 1554 822 1794 937; x_wconf 86' lang='lat' dir='ltr'>vocabitur)</span> <span class='ocrx_word' id='word_1_58' title='bbox 1826 829 1902 936; x_wconf 84' lang='lat' dir='ltr'>per</span> 
     </span>
     <span class='ocr_line' id='line_1_7' title="bbox 375 931 1902 1042; baseline -0.004 -26"><span class='ocrx_word' id='word_1_59' title='bbox 375 935 520 1034; x_wconf 83' lang='lat' dir='ltr'>tubum</span> <span class='ocrx_word' id='word_1_60' title='bbox 539 961 751 1034; x_wconf 88' lang='lat' dir='ltr'>recurvum</span> <span class='ocrx_word' id='word_1_61' title='bbox 771 935 814 1014; x_wconf 93' lang='lat' dir='ltr'>in</span> <span class='ocrx_word' id='word_1_62' title='bbox 832 931 1000 1020; x_wconf 82' lang='lat' dir='ltr'>antliam</span> <span class='ocrx_word' id='word_1_63' title='bbox 1020 931 1232 1014; x_wconf 80' lang='lat' dir='ltr'>transitum</span> <span class='ocrx_word' id='word_1_64' title='bbox 1262 931 1472 1042; x_wconf 87' lang='lat' dir='ltr'>permittat</span> <span class='ocrx_word' id='word_1_65' title='bbox 1480 937 1497 1032; x_wconf 53' lang='lat'>⁴,</span> <span class='ocrx_word' id='word_1_66' title='bbox 1528 939 1570 1018; x_wconf 75' lang='lat' dir='ltr'>bc</span> <span class='ocrx_word' id='word_1_67' title='bbox 1598 933 1642 1014; x_wconf 92' lang='lat' dir='ltr'>in</span> <span class='ocrx_word' id='word_1_68' title='bbox 1671 933 1797 1018; x_wconf 88' lang='lat' dir='ltr'>alium</span> <span class='ocrx_word' id='word_1_69' title='bbox 1815 941 1902 1022; x_wconf 85' lang='lat' dir='ltr'>len.</span> 
     </span>
     <span class='ocr_line' id='line_1_8' title="bbox 373 1043 1906 1156; baseline -0.005 -23"><span class='ocrx_word' id='word_1_70' title='bbox 373 1045 461 1138; x_wconf 74' lang='lat' dir='ltr'>‚sum</span> <span class='ocrx_word' id='word_1_71' title='bbox 482 1047 686 1145; x_wconf 84' lang='lat' dir='ltr'>conversa,</span> <span class='ocrx_word' id='word_1_72' title='bbox 703 1057 743 1136; x_wconf 69' lang='grc' dir='ltr'>ὃ(</span> <span class='ocrx_word' id='word_1_73' title='bbox 767 1073 861 1128; x_wconf 90' lang='lat' dir='ltr'>eum</span> <span class='ocrx_word' id='word_1_74' title='bbox 878 1043 1019 1156; x_wconf 86' lang='lat' dir='ltr'>saepius</span> <span class='ocrx_word' id='word_1_75' title='bbox 1036 1049 1119 1154; x_wconf 89' lang='lat' dir='ltr'>jam</span> <span class='ocrx_word' id='word_1_76' title='bbox 1139 1043 1349 1150; x_wconf 78' lang='lat' dir='ltr'>nominato</span> <span class='ocrx_word' id='word_1_77' title='bbox 1368 1045 1468 1126; x_wconf 92' lang='lat' dir='ltr'>tubo</span> <span class='ocrx_word' id='word_1_78' title='bbox 1487 1073 1659 1132; x_wconf 89' lang='lat' dir='ltr'>recurvo</span> <span class='ocrx_word' id='word_1_79' title='bbox 1675 1074 1758 1128; x_wconf 94' lang='lat' dir='ltr'>non</span> <span class='ocrx_word' id='word_1_80' title='bbox 1789 1071 1906 1136; x_wconf 67' lang='lat' dir='ltr'>com-¹</span> 
     </span>
     <span class='ocr_line' id='line_1_9' title="bbox 375 1156 1903 1270; baseline 0.005 -30"><span class='ocrx_word' id='word_1_81' title='bbox 375 1161 585 1268; x_wconf 86' lang='lat' dir='ltr'>municans</span> <span class='ocrx_word' id='word_1_82' title='bbox 615 1161 740 1244; x_wconf 90' lang='lat' dir='ltr'>modo</span> <span class='ocrx_word' id='word_1_83' title='bbox 768 1179 1126 1245; x_wconf 89' lang='lat' dir='ltr'>commemoratum</span> <span class='ocrx_word' id='word_1_84' title='bbox 1144 1156 1246 1242; x_wconf 79' lang='lat' dir='ltr'>ae&#39;ris</span> <span class='ocrx_word' id='word_1_85' title='bbox 1274 1159 1488 1240; x_wconf 83' lang='lat' dir='ltr'>transitum</span> <span class='ocrx_word' id='word_1_86' title='bbox 1516 1184 1568 1240; x_wconf 89' lang='lat' dir='ltr'>ex</span> <span class='ocrx_word' id='word_1_87' title='bbox 1597 1158 1822 1270; x_wconf 87' lang='lat' dir='ltr'>recipiente</span> <span class='ocrx_word' id='word_1_88' title='bbox 1857 1165 1903 1248; x_wconf 90' lang='lat' dir='ltr'>in</span> 
     </span>
     <span class='ocr_line' id='line_1_10' title="bbox 378 1269 1165 1384; baseline -0.004 -32"><span class='ocrx_word' id='word_1_89' title='bbox 378 1271 770 1384; x_wconf 80' lang='lat' dir='ltr'>antliamimpediat</span> <span class='ocrx_word' id='word_1_90' title='bbox 788 1292 914 1380; x_wconf 89' lang='lat' dir='ltr'>atque</span> <span class='ocrx_word' id='word_1_91' title='bbox 933 1269 1064 1352; x_wconf 90' lang='lat' dir='ltr'>tollat.</span> <span class='ocrx_word' id='word_1_92' title='bbox 1095 1325 1104 1344; x_wconf 86' lang='lat'><strong>.</strong></span> <span class='ocrx_word' id='word_1_93' title='bbox 1158 1323 1165 1330; x_wconf 95' lang='lat'>-</span> 
     </span>
    </p>

    <p class='ocr_par' dir='ltr' id='par_1_5' title="bbox 376 1377 1904 1720">
     <span class='ocr_line' id='line_1_11' title="bbox 433 1377 1903 1498; baseline 0.003 -30"><span class='ocrx_word' id='word_1_94' title='bbox 433 1379 675 1495; x_wconf 78' lang='lat' dir='ltr'>Spira&#39;culum</span> <span class='ocrx_word' id='word_1_95' title='bbox 708 1386 763 1468; x_wconf 91' lang='lat' dir='ltr'>est</span> <span class='ocrx_word' id='word_1_96' title='bbox 793 1385 945 1468; x_wconf 84' lang='lat' dir='ltr'>cavitas</span> <span class='ocrx_word' id='word_1_97' title='bbox 975 1409 1028 1464; x_wconf 88' lang='lat' dir='ltr'>ex</span> <span class='ocrx_word' id='word_1_98' title='bbox 1043 1380 1284 1464; x_wconf 76' lang='lat' dir='ltr'>‘summitate</span> <span class='ocrx_word' id='word_1_99' title='bbox 1312 1379 1515 1494; x_wconf 89' lang='lat' dir='ltr'>epistomii</span> <span class='ocrx_word' id='word_1_100' title='bbox 1546 1379 1589 1462; x_wconf 90' lang='lat' dir='ltr'>in</span> <span class='ocrx_word' id='word_1_101' title='bbox 1621 1377 1802 1468; x_wconf 90' lang='lat' dir='ltr'>foramen</span> <span class='ocrx_word' id='word_1_102' title='bbox 1819 1389 1903 1498; x_wconf 86' lang='lat' dir='ltr'>ejus</span> 
     </span>
     <span class='ocr_line' id='line_1_12' title="bbox 377 1491 1904 1692; baseline 0.002 -114"><span class='ocrx_word' id='word_1_103' title='bbox 377 1498 647 1692; x_wconf 53' lang='lat' dir='ltr'>transverfflm</span> <span class='ocrx_word' id='word_1_104' title='bbox 667 1497 910 1596; x_wconf 54' lang='lat' dir='ltr'>desinensp&amp;</span> <span class='ocrx_word' id='word_1_105' title='bbox 929 1523 1024 1598; x_wconf 73' lang='lat' dir='ltr'>curn</span> <span class='ocrx_word' id='word_1_106' title='bbox 1043 1493 1132 1576; x_wconf 93' lang='lat' dir='ltr'>tubi</span> <span class='ocrx_word' id='word_1_107' title='bbox 1154 1493 1312 1577; x_wconf 89' lang='lat' dir='ltr'>recurvi</span> <span class='ocrx_word' id='word_1_108' title='bbox 1333 1496 1509 1576; x_wconf 88' lang='lat' dir='ltr'>cavitate</span> <span class='ocrx_word' id='word_1_109' title='bbox 1535 1491 1703 1578; x_wconf 86' lang='lat' dir='ltr'>subinde</span> <span class='ocrx_word' id='word_1_110' title='bbox 1721 1525 1904 1582; x_wconf 88' lang='lat' dir='ltr'>commu·</span> 
     </span>
     <span class='ocr_line' id='line_1_13' title="bbox 376 1605 1901 1720; baseline 0.003 -30"><span class='ocrx_word' id='word_1_111' title='bbox 376 1609 516 1702; x_wconf 89' lang='lat' dir='ltr'>nicans</span> <span class='ocrx_word' id='word_1_112' title='bbox 527 1655 540 1708; x_wconf 65' lang='lat'>3</span> <span class='ocrx_word' id='word_1_113' title='bbox 606 1612 689 1692; x_wconf 91' lang='lat' dir='ltr'>ians</span> <span class='ocrx_word' id='word_1_114' title='bbox 717 1608 874 1694; x_wconf 89' lang='lat' dir='ltr'>acicula</span> <span class='ocrx_word' id='word_1_115' title='bbox 891 1635 998 1690; x_wconf 88' lang='lat' dir='ltr'>aenea</span> <span class='ocrx_word' id='word_1_116' title='bbox 1017 1633 1092 1719; x_wconf 87' lang='lat' dir='ltr'>pro</span> <span class='ocrx_word' id='word_1_117' title='bbox 1113 1605 1169 1688; x_wconf 88' lang='lat' dir='ltr'>rei</span> <span class='ocrx_word' id='word_1_118' title='bbox 1188 1605 1414 1716; x_wconf 87' lang='lat' dir='ltr'>indigentia</span> <span class='ocrx_word' id='word_1_119' title='bbox 1432 1605 1772 1720; x_wconf 86' lang='lat' dir='ltr'>obturanda,ejus</span> <span class='ocrx_word' id='word_1_120' title='bbox 1791 1609 1901 1710; x_wconf 82' lang='lat' dir='ltr'>usus,</span> 
     </span>
    </p>

    <p class='ocr_par' dir='ltr' id='par_1_6' title="bbox 372 1715 1899 1938">
     <span class='ocr_line' id='line_1_14' title="bbox 372 1715 1899 1834; baseline 0.005 -32"><span class='ocrx_word' id='word_1_121' title='bbox 372 1741 427 1814; x_wconf 73' lang='lat' dir='ltr'>,ut</span> <span class='ocrx_word' id='word_1_122' title='bbox 447 1720 693 1834; x_wconf 88' lang='lat' dir='ltr'>spiraculum</span> <span class='ocrx_word' id='word_1_123' title='bbox 719 1740 904 1834; x_wconf 90' lang='lat' dir='ltr'>apertum</span> <span class='ocrx_word' id='word_1_124' title='bbox 931 1719 1104 1824; x_wconf 77' lang='lat' dir='ltr'>cavitati</span> <span class='ocrx_word' id='word_1_125' title='bbox 1130 1717 1264 1800; x_wconf 77' lang='lat' dir='ltr'>antlia</span> <span class='ocrx_word' id='word_1_126' title='bbox 1293 1743 1387 1826; x_wconf 76' lang='lat' dir='ltr'>cum</span> <span class='ocrx_word' id='word_1_127' title='bbox 1431 1723 1521 1802; x_wconf 71' lang='lat' dir='ltr'>aere</span> <span class='ocrx_word' id='word_1_128' title='bbox 1559 1715 1697 1803; x_wconf 88' lang='lat' dir='ltr'>subtili</span> <span class='ocrx_word' id='word_1_129' title='bbox 1734 1721 1899 1810; x_wconf 86' lang='lat' dir='ltr'>liberam</span> 
     </span>
     <span class='ocr_line' id='line_1_15' title="bbox 377 1831 1678 1938; baseline 0 -22"><span class='ocrx_word' id='word_1_130' title='bbox 377 1835 788 1920; x_wconf 86' lang='lat' dir='ltr'>communicationem</span> <span class='ocrx_word' id='word_1_131' title='bbox 838 1831 1028 1915; x_wconf 90' lang='lat' dir='ltr'>ermittat.</span> <span class='ocrx_word' id='word_1_132' title='bbox 1071 1929 1076 1938; x_wconf 91' lang='lat'>.</span> <span class='ocrx_word' id='word_1_133' title='bbox 1672 1907 1678 1916; x_wconf 93' lang='lat'>.</span> 
     </span>
    </p>

    <p class='ocr_par' dir='ltr' id='par_1_7' title="bbox 369 1861 1949 2166">
     <span class='ocr_line' id='line_1_16' title="bbox 372 1861 1949 2138; baseline 0.004 -110"><span class='ocrx_word' id='word_1_134' title='bbox 372 2031 376 2050; x_wconf 60' lang='grc'>,</span> <span class='ocrx_word' id='word_1_135' title='bbox 433 1946 579 2032; x_wconf 92' lang='lat' dir='ltr'>Tubus</span> <span class='ocrx_word' id='word_1_136' title='bbox 596 1948 770 2031; x_wconf 85' lang='lat' dir='ltr'>inflexus</span> <span class='ocrx_word' id='word_1_137' title='bbox 786 1861 919 2028; x_wconf 71' lang='lat' dir='ltr'>dinuo</span> <span class='ocrx_word' id='word_1_138' title='bbox 939 1943 1074 2026; x_wconf 84' lang='lat' dir='ltr'>antliae</span> <span class='ocrx_word' id='word_1_139' title='bbox 1093 1941 1414 2026; x_wconf 88' lang='lat' dir='ltr'>afferruminatus</span> <span class='ocrx_word' id='word_1_140' title='bbox 1432 1940 1673 2138; x_wconf 69' lang='lat' dir='ltr'>plerumpue</span> <span class='ocrx_word' id='word_1_141' title='bbox 1690 1943 1897 2054; x_wconf 87' lang='lat' dir='ltr'>delinit&#39;in</span> <span class='ocrx_word' id='word_1_142' title='bbox 1935 1985 1949 1996; x_wconf 56' lang='lat'><em>³</em></span> 
     </span>
     <span class='ocr_line' id='line_1_17' title="bbox 369 2055 1898 2166; baseline 0.003 -24"><span class='ocrx_word' id='word_1_143' title='bbox 369 2059 592 2166; x_wconf 66' lang='lat' dir='ltr'>,cochleam</span> <span class='ocrx_word' id='word_1_144' title='bbox 610 2089 759 2144; x_wconf 89' lang='lat' dir='ltr'>marem</span> <span class='ocrx_word' id='word_1_145' title='bbox 770 2057 1026 2158; x_wconf 89' lang='lat' dir='ltr'>‚cuicatinus</span> <span class='ocrx_word' id='word_1_146' title='bbox 1045 2080 1175 2138; x_wconf 87' lang='lat' dir='ltr'>aeneus</span> <span class='ocrx_word' id='word_1_147' title='bbox 1194 2057 1236 2136; x_wconf 91' lang='lat' dir='ltr'>in</span> <span class='ocrx_word' id='word_1_148' title='bbox 1257 2075 1395 2138; x_wconf 91' lang='lat' dir='ltr'>centro</span> <span class='ocrx_word' id='word_1_149' title='bbox 1405 2055 1573 2140; x_wconf 87' lang='lat' dir='ltr'>cochlea</span> <span class='ocrx_word' id='word_1_150' title='bbox 1609 2057 1762 2142; x_wconf 85' lang='lat' dir='ltr'>oemina</span> <span class='ocrx_word' id='word_1_151' title='bbox 1778 2085 1898 2146; x_wconf 81' lang='lat' dir='ltr'>exca-</span> 
     </span>
    </p>

    <p class='ocr_par' dir='ltr' id='par_1_8' title="bbox 256 2160 1917 2620">
     <span class='ocr_line' id='line_1_18' title="bbox 256 2160 1894 2280; baseline -0.001 -20"><span class='ocrx_word' id='word_1_152' title='bbox 256 2249 270 2276; x_wconf 69' lang='grc'>,</span> <span class='ocrx_word' id='word_1_153' title='bbox 376 2160 496 2259; x_wconf 78' lang='lat' dir='ltr'>vatus</span> <span class='ocrx_word' id='word_1_154' title='bbox 525 2172 873 2258; x_wconf 87' lang='lat' dir='ltr'>circumvolvitur.</span> <span class='ocrx_word' id='word_1_155' title='bbox 923 2169 1075 2252; x_wconf 73' lang='lat' dir='ltr'>Ottino</span> <span class='ocrx_word' id='word_1_156' title='bbox 1094 2165 1325 2280; x_wconf 88' lang='lat' dir='ltr'>applicatur</span> <span class='ocrx_word' id='word_1_157' title='bbox 1342 2167 1521 2252; x_wconf 88' lang='lat' dir='ltr'>circulus</span> <span class='ocrx_word' id='word_1_158' title='bbox 1538 2169 1742 2252; x_wconf 88' lang='lat' dir='ltr'>coriaceus</span> <span class='ocrx_word' id='word_1_159' title='bbox 1761 2175 1894 2258; x_wconf 88' lang='lat' dir='ltr'>made·</span> 
     </span>
     <span class='ocr_line' id='line_1_19' title="bbox 375 2277 1917 2396; baseline 0.003 -30"><span class='ocrx_word' id='word_1_160' title='bbox 375 2279 508 2392; x_wconf 67' lang='lat' dir='ltr'>laetus</span> <span class='ocrx_word' id='word_1_161' title='bbox 527 2343 541 2384; x_wconf 88' lang='lat'><strong><em>,</em></strong></span> <span class='ocrx_word' id='word_1_162' title='bbox 569 2289 636 2370; x_wconf 89' lang='lat' dir='ltr'>cui</span> <span class='ocrx_word' id='word_1_163' title='bbox 654 2285 851 2396; x_wconf 90' lang='lat' dir='ltr'>recipiens</span> <span class='ocrx_word' id='word_1_164' title='bbox 869 2282 1137 2393; x_wconf 88' lang='lat' dir='ltr'>utplurimum</span> <span class='ocrx_word' id='word_1_165' title='bbox 1156 2277 1473 2392; x_wconf 87' lang='lat' dir='ltr'>campaniforme</span> <span class='ocrx_word' id='word_1_166' title='bbox 1489 2279 1735 2395; x_wconf 84' lang='lat' dir='ltr'>imponitur,</span> <span class='ocrx_word' id='word_1_167' title='bbox 1756 2290 1797 2366; x_wconf 67' lang='grc' dir='ltr'>ὃ(</span> <span class='ocrx_word' id='word_1_168' title='bbox 1818 2285 1894 2370; x_wconf 90' lang='lat' dir='ltr'>cir-</span> <span class='ocrx_word' id='word_1_169' title='bbox 1914 2325 1917 2332; x_wconf 93' lang='lat'><em>·</em></span> 
     </span>
     <span class='ocr_line' id='line_1_20' title="bbox 378 2391 1904 2510; baseline 0.003 -32"><span class='ocrx_word' id='word_1_170' title='bbox 378 2401 584 2495; x_wconf 85' lang='lat' dir='ltr'>cumcirca</span> <span class='ocrx_word' id='word_1_171' title='bbox 595 2423 701 2510; x_wconf 90' lang='lat' dir='ltr'>aqua</span> <span class='ocrx_word' id='word_1_172' title='bbox 709 2395 933 2498; x_wconf 85' lang='lat' dir='ltr'>affunditur</span> <span class='ocrx_word' id='word_1_173' title='bbox 953 2393 1198 2505; x_wconf 81' lang='lat' dir='ltr'>marginibus</span> <span class='ocrx_word' id='word_1_174' title='bbox 1218 2391 1368 2491; x_wconf 88' lang='lat' dir='ltr'>catini,</span> <span class='ocrx_word' id='word_1_175' title='bbox 1388 2393 1442 2476; x_wconf 90' lang='lat' dir='ltr'>ad</span> <span class='ocrx_word' id='word_1_176' title='bbox 1460 2394 1657 2506; x_wconf 86' lang='lat' dir='ltr'>margines</span> <span class='ocrx_word' id='word_1_177' title='bbox 1676 2397 1760 2506; x_wconf 89' lang='lat' dir='ltr'>ejus</span> <span class='ocrx_word' id='word_1_178' title='bbox 1778 2395 1904 2482; x_wconf 69' lang='lat' dir='ltr'>&#39;elatis</span> 
     </span>
     <span class='ocr_line' id='line_1_21' title="bbox 373 2503 1516 2620; baseline -0.004 -29"><span class='ocrx_word' id='word_1_179' title='bbox 373 2528 576 2604; x_wconf 73' lang='lat' dir='ltr'>,contenta</span> <span class='ocrx_word' id='word_1_180' title='bbox 586 2507 976 2620; x_wconf 74' lang='lat' dir='ltr'>,adimpediendum</span> <span class='ocrx_word' id='word_1_181' title='bbox 996 2505 1153 2590; x_wconf 84' lang='lat' dir='ltr'>externi</span> <span class='ocrx_word' id='word_1_182' title='bbox 1172 2506 1273 2588; x_wconf 83' lang='lat' dir='ltr'>a&#39;e&#39;ris</span> <span class='ocrx_word' id='word_1_183' title='bbox 1290 2503 1516 2620; x_wconf 76' lang='lat' dir='ltr'>ingressum.</span> 
     </span>
    </p>

    <p class='ocr_par' dir='ltr' id='par_1_9' title="bbox 311 2615 1939 2936">
     <span class='ocr_line' id='line_1_22' title="bbox 311 2615 1939 2736; baseline -0.001 -28"><span class='ocrx_word' id='word_1_184' title='bbox 311 2653 322 2674; x_wconf 83' lang='lat'><strong><em>‘</em></strong></span> <span class='ocrx_word' id='word_1_185' title='bbox 373 2721 382 2730; x_wconf 44' lang='grc'><strong>,</strong></span> <span class='ocrx_word' id='word_1_186' title='bbox 437 2619 621 2736; x_wconf 78' lang='lat' dir='ltr'>Agitatio</span> <span class='ocrx_word' id='word_1_187' title='bbox 648 2621 797 2708; x_wconf 86' lang='lat' dir='ltr'>emboli</span> <span class='ocrx_word' id='word_1_188' title='bbox 816 2620 971 2706; x_wconf 89' lang='lat' dir='ltr'>constat</span> <span class='ocrx_word' id='word_1_189' title='bbox 990 2647 1073 2701; x_wconf 89' lang='lat' dir='ltr'>uno</span> <span class='ocrx_word' id='word_1_190' title='bbox 1089 2623 1172 2730; x_wconf 90' lang='lat' dir='ltr'>ejus</span> <span class='ocrx_word' id='word_1_191' title='bbox 1191 2622 1252 2700; x_wconf 81' lang='lat' dir='ltr'>itu</span> <span class='ocrx_word' id='word_1_192' title='bbox 1280 2645 1332 2700; x_wconf 84' lang='lat' dir='ltr'>ex</span> <span class='ocrx_word' id='word_1_193' title='bbox 1359 2615 1491 2702; x_wconf 76' lang='lat' dir='ltr'>fundo</span> <span class='ocrx_word' id='word_1_194' title='bbox 1519 2617 1653 2701; x_wconf 84' lang='lat' dir='ltr'>antliae</span> <span class='ocrx_word' id='word_1_195' title='bbox 1679 2649 1812 2734; x_wconf 90' lang='lat' dir='ltr'>usque</span> <span class='ocrx_word' id='word_1_196' title='bbox 1840 2623 1901 2706; x_wconf 87' lang='lat' dir='ltr'>acl</span> <span class='ocrx_word' id='word_1_197' title='bbox 1931 2719 1939 2732; x_wconf 44' lang='grc'>,</span> 
     </span>
     <span class='ocr_line' id='line_1_23' title="bbox 379 2727 1895 2936; baseline 0.003 -122"><span class='ocrx_word' id='word_1_198' title='bbox 379 2731 588 2936; x_wconf 63' lang='lat' dir='ltr'>prifitium</span> <span class='ocrx_word' id='word_1_199' title='bbox 615 2735 682 2820; x_wconf 86' lang='lat' dir='ltr'>seu</span> <span class='ocrx_word' id='word_1_200' title='bbox 708 2755 833 2847; x_wconf 89' lang='lat' dir='ltr'>caput</span> <span class='ocrx_word' id='word_1_201' title='bbox 850 2739 955 2847; x_wconf 81' lang='lat' dir='ltr'>ejus,</span> <span class='ocrx_word' id='word_1_202' title='bbox 982 2760 1148 2842; x_wconf 89' lang='lat' dir='ltr'>unoque</span> <span class='ocrx_word' id='word_1_203' title='bbox 1164 2727 1301 2828; x_wconf 46' lang='lat' dir='ltr'>reditu,</span> <span class='ocrx_word' id='word_1_204' title='bbox 1323 2729 1373 2814; x_wconf 90' lang='lat' dir='ltr'>ab</span> <span class='ocrx_word' id='word_1_205' title='bbox 1393 2730 1554 2816; x_wconf 89' lang='lat' dir='ltr'>orificio</span> <span class='ocrx_word' id='word_1_206' title='bbox 1571 2759 1701 2844; x_wconf 89' lang='lat' dir='ltr'>usque</span> <span class='ocrx_word' id='word_1_207' title='bbox 1725 2735 1779 2818; x_wconf 90' lang='lat' dir='ltr'>ad</span> <span class='ocrx_word' id='word_1_208' title='bbox 1804 2731 1895 2818; x_wconf 86' lang='lat' dir='ltr'>fun-</span> 
     </span>
     <span class='ocr_line' id='line_1_24' title="bbox 375 2874 962 2932; baseline -0.003 -12"><span class='ocrx_word' id='word_1_209' title='bbox 375 2915 378 2920; x_wconf 25' lang='lat'>*</span> <span class='ocrx_word' id='word_1_210' title='bbox 412 2874 493 2932; x_wconf 79' lang='lat' dir='ltr'>um,</span> <span class='ocrx_word' id='word_1_211' title='bbox 958 2887 962 2910; x_wconf 67' lang='grc' dir='ltr'><strong><em>ι</em></strong></span> 
     </span>
    </p>

    <p class='ocr_par' dir='ltr' id='par_1_10' title="bbox 404 2953 1896 3076">
     <span class='ocr_line' id='line_1_25' title="bbox 404 2953 1896 3076; baseline -0.003 -30"><span class='ocrx_word' id='word_1_212' title='bbox 404 3010 407 3016; x_wconf 93' lang='grc'><strong>-</strong></span> <span class='ocrx_word' id='word_1_213' title='bbox 438 2989 530 3074; x_wconf 86' lang='lat'>329.</span> <span class='ocrx_word' id='word_1_214' title='bbox 558 2960 608 3044; x_wconf 93' lang='lat' dir='ltr'>In</span> <span class='ocrx_word' id='word_1_215' title='bbox 628 2961 758 3076; x_wconf 85' lang='lat' dir='ltr'>figura</span> <span class='ocrx_word' id='word_1_216' title='bbox 781 2975 845 3073; x_wconf 77' lang='lat'>79.</span> <span class='ocrx_word' id='word_1_217' title='bbox 878 2957 952 3044; x_wconf 88' lang='lat' dir='ltr'>AB</span> <span class='ocrx_word' id='word_1_218' title='bbox 971 2955 1029 3066; x_wconf 69' lang='lat' dir='ltr'>est</span> <span class='ocrx_word' id='word_1_219' title='bbox 1047 2983 1194 3070; x_wconf 87' lang='lat' dir='ltr'>corpus</span> <span class='ocrx_word' id='word_1_220' title='bbox 1224 2957 1384 3054; x_wconf 75' lang='lat' dir='ltr'>antlia,</span> <span class='ocrx_word' id='word_1_221' title='bbox 1412 2953 1486 3040; x_wconf 88' lang='lat' dir='ltr'>EF</span> <span class='ocrx_word' id='word_1_222' title='bbox 1516 2955 1697 3041; x_wconf 91' lang='lat' dir='ltr'>embolus</span> <span class='ocrx_word' id='word_1_223' title='bbox 1725 2956 1896 3042; x_wconf 91' lang='lat' dir='ltr'>cavitati</span> 
     </span>
    </p>

    <p class='ocr_par' dir='ltr' id='par_1_11' title="bbox 278 3047 1915 3292">
     <span class='ocr_line' id='line_1_26' title="bbox 278 3047 1894 3186; baseline 0.001 -32"><span class='ocrx_word' id='word_1_224' title='bbox 278 3047 306 3104; x_wconf 71' lang='lat'>&#39;²</span> <span class='ocrx_word' id='word_1_225' title='bbox 382 3075 520 3178; x_wconf 71' lang='lat' dir='ltr'>ancl-ite</span> <span class='ocrx_word' id='word_1_226' title='bbox 538 3074 909 3186; x_wconf 86' lang='lat' dir='ltr'>affabreadaptatus</span> <span class='ocrx_word' id='word_1_227' title='bbox 920 3090 990 3168; x_wconf 84' lang='lat' dir='ltr'>,ut</span> <span class='ocrx_word' id='word_1_228' title='bbox 1007 3070 1133 3154; x_wconf 88' lang='lat' dir='ltr'>antlia</span> <span class='ocrx_word' id='word_1_229' title='bbox 1151 3097 1351 3180; x_wconf 89' lang='lat' dir='ltr'>nusquam</span> <span class='ocrx_word' id='word_1_230' title='bbox 1370 3065 1566 3182; x_wconf 87' lang='lat' dir='ltr'>perfluere</span> <span class='ocrx_word' id='word_1_231' title='bbox 1585 3091 1728 3180; x_wconf 58' lang='lat' dir='ltr'>queam</span> <span class='ocrx_word' id='word_1_232' title='bbox 1758 3067 1894 3156; x_wconf 92' lang='lat' dir='ltr'>BOH</span> 
     </span>
     <span class='ocr_line' id='line_1_27' title="bbox 367 3179 1915 3292; baseline -0.001 -23"><span class='ocrx_word' id='word_1_233' title='bbox 367 3183 439 3292; x_wconf 72' lang='lat' dir='ltr'>¹est</span> <span class='ocrx_word' id='word_1_234' title='bbox 456 3190 577 3272; x_wconf 89' lang='lat' dir='ltr'>tubus</span> <span class='ocrx_word' id='word_1_235' title='bbox 597 3189 650 3272; x_wconf 89' lang='lat' dir='ltr'>ad</span> <span class='ocrx_word' id='word_1_236' title='bbox 670 3187 713 3270; x_wconf 93' lang='grc' dir='ltr'>Ο</span> <span class='ocrx_word' id='word_1_237' title='bbox 734 3189 909 3270; x_wconf 86' lang='lat' dir='ltr'>inflexus</span> <span class='ocrx_word' id='word_1_238' title='bbox 927 3183 1062 3266; x_wconf 82' lang='lat' dir='ltr'>antliae</span> <span class='ocrx_word' id='word_1_239' title='bbox 1089 3181 1221 3266; x_wconf 85' lang='lat' dir='ltr'>fundo</span> <span class='ocrx_word' id='word_1_240' title='bbox 1241 3185 1283 3263; x_wconf 91' lang='lat' dir='ltr'>in</span> <span class='ocrx_word' id='word_1_241' title='bbox 1311 3181 1345 3264; x_wconf 93' lang='lat' dir='ltr'>B</span> <span class='ocrx_word' id='word_1_242' title='bbox 1376 3179 1720 3280; x_wconf 85' lang='lat' dir='ltr'>afferruminatus,</span> <span class='ocrx_word' id='word_1_243' title='bbox 1740 3189 1782 3266; x_wconf 75' lang='lat' dir='ltr'>bc</span> <span class='ocrx_word' id='word_1_244' title='bbox 1803 3203 1915 3284; x_wconf 54' lang='lat' dir='ltr'>cunr*</span> 
     </span>
    </p>

    <p class='ocr_par' dir='ltr' id='par_1_12' title="bbox 334 3291 1895 3410">
     <span class='ocr_line' id='line_1_28' title="bbox 334 3291 1895 3410; baseline -0.001 -28"><span class='ocrx_word' id='word_1_245' title='bbox 334 3351 340 3364; x_wconf 93' lang='lat'><strong>·</strong></span> <span class='ocrx_word' id='word_1_246' title='bbox 371 3303 468 3410; x_wconf 68' lang='lat' dir='ltr'>„ejus</span> <span class='ocrx_word' id='word_1_247' title='bbox 487 3301 663 3408; x_wconf 74' lang='lat' dir='ltr'>cavitate</span> <span class='ocrx_word' id='word_1_248' title='bbox 681 3308 722 3384; x_wconf 72' lang='grc' dir='ltr'>ὅτ</span> <span class='ocrx_word' id='word_1_249' title='bbox 742 3327 836 3384; x_wconf 91' lang='lat' dir='ltr'>cum</span> <span class='ocrx_word' id='word_1_250' title='bbox 855 3294 1077 3406; x_wconf 82' lang='lat' dir='ltr'>recipiente</span> <span class='ocrx_word' id='word_1_251' title='bbox 1105 3295 1157 3378; x_wconf 92' lang='lat' dir='ltr'>M</span> <span class='ocrx_word' id='word_1_252' title='bbox 1190 3295 1490 3378; x_wconf 89' lang='lat' dir='ltr'>communicans</span> <span class='ocrx_word' id='word_1_253' title='bbox 1510 3322 1594 3406; x_wconf 87' lang='lat' dir='ltr'>per</span> <span class='ocrx_word' id='word_1_254' title='bbox 1620 3291 1803 3378; x_wconf 88' lang='lat' dir='ltr'>foramen</span> <span class='ocrx_word' id='word_1_255' title='bbox 1824 3297 1870 3380; x_wconf 92' lang='lat' dir='ltr'>H</span> <span class='ocrx_word' id='word_1_256' title='bbox 1880 3341 1895 3396; x_wconf 66' lang='lat'><em>5</em></span> 
     </span>
    </p>

    <p class='ocr_par' dir='ltr' id='par_1_13' title="bbox 299 3405 1894 4197">
     <span class='ocr_line' id='line_1_29' title="bbox 299 3405 1894 3531; baseline -0.001 -37"><span class='ocrx_word' id='word_1_257' title='bbox 299 3455 304 3466; x_wconf 90' lang='lat'><em>·</em></span> <span class='ocrx_word' id='word_1_258' title='bbox 366 3411 500 3522; x_wconf 30' lang='lat' dir='ltr'>‘hujus</span> <span class='ocrx_word' id='word_1_259' title='bbox 517 3414 607 3498; x_wconf 89' lang='lat' dir='ltr'>tubi</span> <span class='ocrx_word' id='word_1_260' title='bbox 622 3412 811 3498; x_wconf 86' lang='lat' dir='ltr'>foramini</span> <span class='ocrx_word' id='word_1_261' title='bbox 826 3407 1012 3492; x_wconf 86' lang='lat' dir='ltr'>inseritur</span> <span class='ocrx_word' id='word_1_262' title='bbox 1030 3405 1287 3520; x_wconf 89' lang='lat' dir='ltr'>epistomium</span> <span class='ocrx_word' id='word_1_263' title='bbox 1308 3405 1551 3516; x_wconf 64' lang='lat' dir='ltr'>1K‚qu0d=‚</span> <span class='ocrx_word' id='word_1_264' title='bbox 1571 3427 1696 3518; x_wconf 90' lang='lat' dir='ltr'>prout</span> <span class='ocrx_word' id='word_1_265' title='bbox 1708 3407 1757 3531; x_wconf 61' lang='lat' dir='ltr'>in</span> <span class='ocrx_word' id='word_1_266' title='bbox 1785 3409 1894 3492; x_wconf 90' lang='lat' dir='ltr'>hunc</span> 
     </span>
     <span class='ocr_line' id='line_1_30' title="bbox 371 3517 1893 3632; baseline -0.003 -24"><span class='ocrx_word' id='word_1_267' title='bbox 371 3523 451 3622; x_wconf 73' lang='lat' dir='ltr'>‚vel</span> <span class='ocrx_word' id='word_1_268' title='bbox 468 3523 780 3632; x_wconf 72' lang='lat' dir='ltr'>illumlensum</span> <span class='ocrx_word' id='word_1_269' title='bbox 805 3519 1083 3618; x_wconf 86' lang='lat' dir='ltr'>convertitur,</span> <span class='ocrx_word' id='word_1_270' title='bbox 1102 3517 1215 3602; x_wconf 92' lang='lat' dir='ltr'>tollit</span> <span class='ocrx_word' id='word_1_271' title='bbox 1233 3519 1301 3602; x_wconf 87' lang='lat' dir='ltr'>vel</span> <span class='ocrx_word' id='word_1_272' title='bbox 1327 3521 1457 3630; x_wconf 90' lang='lat' dir='ltr'>aperit</span> <span class='ocrx_word' id='word_1_273' title='bbox 1486 3519 1893 3626; x_wconf 81' lang='lat' dir='ltr'>communicationem</span> 
     </span>
     <span class='ocr_line' id='line_1_31' title="bbox 365 3621 1891 3750; baseline -0.001 -33"><span class='ocrx_word' id='word_1_274' title='bbox 365 3621 516 3722; x_wconf 66' lang='lat' dir='ltr'>“antlia</span> <span class='ocrx_word' id='word_1_275' title='bbox 534 3665 629 3724; x_wconf 90' lang='lat' dir='ltr'>cum</span> <span class='ocrx_word' id='word_1_276' title='bbox 657 3638 879 3750; x_wconf 89' lang='lat' dir='ltr'>recipiente</span> <span class='ocrx_word' id='word_1_277' title='bbox 896 3635 960 3720; x_wconf 91' lang='grc' dir='ltr'>Μ.</span> <span class='ocrx_word' id='word_1_278' title='bbox 1008 3633 1106 3716; x_wconf 93' lang='lat' dir='ltr'>Hoc</span> <span class='ocrx_word' id='word_1_279' title='bbox 1125 3629 1387 3742; x_wconf 73' lang='lat' dir='ltr'>epistomium&#39;</span> <span class='ocrx_word' id='word_1_280' title='bbox 1400 3621 1468 3714; x_wconf 91' lang='lat' dir='ltr'>IK</span> <span class='ocrx_word' id='word_1_281' title='bbox 1487 3629 1737 3742; x_wconf 86' lang='lat' dir='ltr'>perforatum</span> <span class='ocrx_word' id='word_1_282' title='bbox 1754 3632 1808 3718; x_wconf 91' lang='lat' dir='ltr'>est</span> <span class='ocrx_word' id='word_1_283' title='bbox 1827 3660 1891 3716; x_wconf 84' lang='lat' dir='ltr'>us-</span> 
     </span>
     <span class='ocr_line' id='line_1_32' title="bbox 369 3707 1891 3862; baseline -0.004 -28"><span class='ocrx_word' id='word_1_284' title='bbox 369 3774 465 3858; x_wconf 33' lang='lat' dir='ltr'>·que</span> <span class='ocrx_word' id='word_1_285' title='bbox 481 3753 535 3834; x_wconf 85' lang='lat' dir='ltr'>ad</span> <span class='ocrx_word' id='word_1_286' title='bbox 547 3757 636 3862; x_wconf 77' lang='lat' dir='ltr'>ejus</span> <span class='ocrx_word' id='word_1_287' title='bbox 655 3749 837 3835; x_wconf 88' lang='lat' dir='ltr'>foramen</span> <span class='ocrx_word' id='word_1_288' title='bbox 857 3745 1148 3857; x_wconf 77' lang='lat' dir='ltr'>transversum,</span> <span class='ocrx_word' id='word_1_289' title='bbox 1176 3773 1221 3826; x_wconf 89' lang='lat' dir='ltr'>ac</span> <span class='ocrx_word' id='word_1_290' title='bbox 1242 3744 1329 3856; x_wconf 80' lang='lat' dir='ltr'>haec</span> <span class='ocrx_word' id='word_1_291' title='bbox 1348 3743 1501 3826; x_wconf 84' lang='lat' dir='ltr'>cavitas</span> <span class='ocrx_word' id='word_1_292' title='bbox 1523 3767 1693 3828; x_wconf 89' lang='lat' dir='ltr'>vocatur</span> <span class='ocrx_word' id='word_1_293' title='bbox 1718 3707 1891 3856; x_wconf 67' lang='lat' dir='ltr'>l&#39;piiracu·</span> 
     </span>
     <span class='ocr_line' id='line_1_33' title="bbox 373 3853 1893 3970; baseline 0.001 -31"><span class='ocrx_word' id='word_1_294' title='bbox 373 3859 469 3958; x_wconf 72' lang='lat' dir='ltr'>⁸lum</span> <span class='ocrx_word' id='word_1_295' title='bbox 487 3865 560 3966; x_wconf 78' lang='lat' dir='ltr'>cui</span> <span class='ocrx_word' id='word_1_296' title='bbox 572 3863 737 3970; x_wconf 81' lang='lat' dir='ltr'>&#39;acicula</span> <span class='ocrx_word' id='word_1_297' title='bbox 759 3863 779 3944; x_wconf 94' lang='lat' dir='ltr'>I</span> <span class='ocrx_word' id='word_1_298' title='bbox 797 3861 1007 3956; x_wconf 80' lang='lat' dir='ltr'>inseritur,</span> <span class='ocrx_word' id='word_1_299' title='bbox 1033 3879 1080 3940; x_wconf 92' lang='lat' dir='ltr'>ut</span> <span class='ocrx_word' id='word_1_300' title='bbox 1100 3858 1418 3948; x_wconf 83' lang='lat' dir='ltr'>communicatio</span> <span class='ocrx_word' id='word_1_301' title='bbox 1435 3853 1570 3940; x_wconf 82' lang='lat' dir='ltr'>antliae</span> <span class='ocrx_word' id='word_1_302' title='bbox 1600 3887 1694 3942; x_wconf 91' lang='lat' dir='ltr'>cum</span> <span class='ocrx_word' id='word_1_303' title='bbox 1724 3877 1893 3944; x_wconf 85' lang='lat' dir='ltr'>externo</span> 
     </span>
     <span class='ocr_line' id='line_1_34' title="bbox 373 3967 1892 4082; baseline 0.003 -28"><span class='ocrx_word' id='word_1_304' title='bbox 373 3977 471 4082; x_wconf 64' lang='lat' dir='ltr'>raere</span> <span class='ocrx_word' id='word_1_305' title='bbox 488 3974 680 4082; x_wconf 84' lang='lat' dir='ltr'>¹tollatur,</span> <span class='ocrx_word' id='word_1_306' title='bbox 707 3975 864 4082; x_wconf 78' lang='lat' dir='ltr'>acicula</span> <span class='ocrx_word' id='word_1_307' title='bbox 881 3975 1228 4076; x_wconf 78' lang='lat' dir='ltr'>verbremovetur</span> <span class='ocrx_word' id='word_1_308' title='bbox 1244 3967 1472 4080; x_wconf 88' lang='lat' dir='ltr'>iterumque</span> <span class='ocrx_word' id='word_1_309' title='bbox 1482 3970 1892 4082; x_wconf 82' lang='lat' dir='ltr'>extrahitur‚quoties</span> 
     </span>
     <span class='ocr_line' id='line_1_35' title="bbox 380 4078 1893 4197; baseline 0 -29"><span class='ocrx_word' id='word_1_310' title='bbox 380 4083 458 4169; x_wconf 88' lang='lat' dir='ltr'>hac</span> <span class='ocrx_word' id='word_1_311' title='bbox 478 4089 846 4192; x_wconf 78' lang='lat' dir='ltr'>communicatione</span> <span class='ocrx_word' id='word_1_312' title='bbox 862 4113 966 4197; x_wconf 91' lang='lat' dir='ltr'>opus</span> <span class='ocrx_word' id='word_1_313' title='bbox 983 4083 1038 4168; x_wconf 88' lang='lat' dir='ltr'>est</span> <span class='ocrx_word' id='word_1_314' title='bbox 1048 4083 1142 4191; x_wconf 83' lang='lat' dir='ltr'>‚vel</span> <span class='ocrx_word' id='word_1_315' title='bbox 1155 4083 1213 4168; x_wconf 87' lang='lat' dir='ltr'>ad</span> <span class='ocrx_word' id='word_1_316' title='bbox 1229 4078 1516 4192; x_wconf 68' lang='lat' dir='ltr'>expellendum</span> <span class='ocrx_word' id='word_1_317' title='bbox 1534 4089 1666 4168; x_wconf 71' lang='lat' dir='ltr'>aerem</span> <span class='ocrx_word' id='word_1_318' title='bbox 1686 4110 1738 4168; x_wconf 87' lang='lat' dir='ltr'>ex</span> <span class='ocrx_word' id='word_1_319' title='bbox 1759 4085 1893 4176; x_wconf 73' lang='lat' dir='ltr'>antliae¹</span> 
     </span>
    </p>
   </div>
   <div class='ocr_carea' id='block_1_3' title="bbox 368 4185 1904 4849">
    <p class='ocr_par' dir='ltr' id='par_1_14' title="bbox 368 4185 1904 4849">
     <span class='ocr_line' id='line_1_36' title="bbox 370 4185 1893 4309; baseline 0.001 -31"><span class='ocrx_word' id='word_1_320' title='bbox 370 4185 661 4309; x_wconf 74' lang='lat' dir='ltr'>,cavitate,vel</span> <span class='ocrx_word' id='word_1_321' title='bbox 676 4205 798 4286; x_wconf 87' lang='lat' dir='ltr'>etiam</span> <span class='ocrx_word' id='word_1_322' title='bbox 817 4201 871 4283; x_wconf 90' lang='lat' dir='ltr'>ad</span> <span class='ocrx_word' id='word_1_323' title='bbox 887 4197 1187 4286; x_wconf 88' lang='lat' dir='ltr'>admittendum</span> <span class='ocrx_word' id='word_1_324' title='bbox 1209 4215 1419 4308; x_wconf 80' lang='lat' dir='ltr'>externum</span> <span class='ocrx_word' id='word_1_325' title='bbox 1435 4201 1589 4293; x_wconf 76' lang='lat' dir='ltr'>aerem,</span> <span class='ocrx_word' id='word_1_326' title='bbox 1616 4186 1893 4309; x_wconf 54' lang='lat' dir='ltr'>eo&#39;casu,quo</span> 
     </span>
     <span class='ocr_line' id='line_1_37' title="bbox 378 4305 1901 4425; baseline -0.001 -31"><span class='ocrx_word' id='word_1_327' title='bbox 378 4323 449 4395; x_wconf 77' lang='lat' dir='ltr'>ae&#39;r</span> <span class='ocrx_word' id='word_1_328' title='bbox 466 4309 700 4425; x_wconf 87' lang='lat' dir='ltr'>recipientis</span> <span class='ocrx_word' id='word_1_329' title='bbox 713 4314 773 4397; x_wconf 60' lang='lat' dir='ltr'>vest</span> <span class='ocrx_word' id='word_1_330' title='bbox 793 4311 1107 4398; x_wconf 87' lang='lat' dir='ltr'>condensandus.</span> <span class='ocrx_word' id='word_1_331' title='bbox 1148 4307 1231 4394; x_wconf 93' lang='lat' dir='ltr'>CD</span> <span class='ocrx_word' id='word_1_332' title='bbox 1249 4305 1306 4392; x_wconf 88' lang='lat' dir='ltr'>est</span> <span class='ocrx_word' id='word_1_333' title='bbox 1324 4307 1494 4404; x_wconf 85' lang='lat' dir='ltr'>catinus,</span> <span class='ocrx_word' id='word_1_334' title='bbox 1505 4311 1617 4420; x_wconf 91' lang='lat' dir='ltr'>cujus</span> <span class='ocrx_word' id='word_1_335' title='bbox 1634 4311 1831 4422; x_wconf 85' lang='lat' dir='ltr'>margines</span> <span class='ocrx_word' id='word_1_336' title='bbox 1849 4311 1901 4392; x_wconf 83' lang='lat' dir='ltr'>in</span> 
     </span>
     <span class='ocr_line' id='line_1_38' title="bbox 371 4419 1895 4536; baseline 0.001 -28"><span class='ocrx_word' id='word_1_337' title='bbox 371 4423 423 4520; x_wconf 74' lang='lat' dir='ltr'>‚C</span> <span class='ocrx_word' id='word_1_338' title='bbox 436 4433 477 4508; x_wconf 73' lang='grc' dir='ltr'>δε</span> <span class='ocrx_word' id='word_1_339' title='bbox 489 4427 530 4508; x_wconf 93' lang='lat' dir='ltr'>D</span> <span class='ocrx_word' id='word_1_340' title='bbox 542 4427 729 4510; x_wconf 90' lang='lat' dir='ltr'>nonnihil</span> <span class='ocrx_word' id='word_1_341' title='bbox 737 4427 884 4511; x_wconf 89' lang='lat' dir='ltr'>elevati</span> <span class='ocrx_word' id='word_1_342' title='bbox 902 4425 1130 4536; x_wconf 86' lang='lat' dir='ltr'>marginum</span> <span class='ocrx_word' id='word_1_343' title='bbox 1149 4419 1271 4504; x_wconf 86' lang='lat' dir='ltr'>instar</span> <span class='ocrx_word' id='word_1_344' title='bbox 1289 4419 1406 4516; x_wconf 87' lang='lat' dir='ltr'>sunt,</span> <span class='ocrx_word' id='word_1_345' title='bbox 1422 4421 1688 4532; x_wconf 86' lang='lat' dir='ltr'>aquamcirca</span> <span class='ocrx_word' id='word_1_346' title='bbox 1695 4423 1895 4536; x_wconf 76' lang='lat' dir='ltr'>recipiens</span> 
     </span>
     <span class='ocr_line' id='line_1_39' title="bbox 382 4527 1893 4648; baseline 0.001 -28"><span class='ocrx_word' id='word_1_347' title='bbox 382 4529 554 4622; x_wconf 88' lang='lat' dir='ltr'>affusam</span> <span class='ocrx_word' id='word_1_348' title='bbox 569 4527 842 4639; x_wconf 62' lang='lat' dir='ltr'>continentem</span> <span class='ocrx_word' id='word_1_349' title='bbox 871 4540 1008 4620; x_wconf 90' lang='lat' dir='ltr'>catino</span> <span class='ocrx_word' id='word_1_350' title='bbox 1035 4533 1442 4646; x_wconf 18' lang='lat' dir='ltr'>circuluslcoriaceus</span> <span class='ocrx_word' id='word_1_351' title='bbox 1464 4531 1516 4622; x_wconf 66' lang='lat' dir='ltr'>vin</span> <span class='ocrx_word' id='word_1_352' title='bbox 1546 4555 1685 4646; x_wconf 85' lang='lat' dir='ltr'>centro</span> <span class='ocrx_word' id='word_1_353' title='bbox 1714 4531 1893 4648; x_wconf 79' lang='lat' dir='ltr'>perfora·</span> 
     </span>
     <span class='ocr_line' id='line_1_40' title="bbox 371 4642 1899 4774; baseline -0.001 -39"><span class='ocrx_word' id='word_1_354' title='bbox 371 4671 448 4760; x_wconf 80' lang='lat' dir='ltr'>,tus</span> <span class='ocrx_word' id='word_1_355' title='bbox 464 4660 507 4762; x_wconf 70' lang='grc' dir='ltr'><strong>ᾃ</strong></span> <span class='ocrx_word' id='word_1_356' title='bbox 525 4650 771 4774; x_wconf 59' lang='lat' dir='ltr'>madi-iaetus</span> <span class='ocrx_word' id='word_1_357' title='bbox 792 4649 1046 4764; x_wconf 74' lang='lat' dir='ltr'>applicatur,</span> <span class='ocrx_word' id='word_1_358' title='bbox 1066 4647 1135 4758; x_wconf 78' lang='lat' dir='ltr'>cui</span> <span class='ocrx_word' id='word_1_359' title='bbox 1155 4645 1346 4763; x_wconf 70' lang='lat' dir='ltr'>deinceps</span> <span class='ocrx_word' id='word_1_360' title='bbox 1365 4642 1564 4761; x_wconf 78' lang='lat' dir='ltr'>recipiens</span> <span class='ocrx_word' id='word_1_361' title='bbox 1593 4647 1645 4734; x_wconf 92' lang='lat' dir='ltr'>M</span> <span class='ocrx_word' id='word_1_362' title='bbox 1672 4647 1899 4762; x_wconf 89' lang='lat' dir='ltr'>imponitur</span> 
     </span>
     <span class='ocr_line' id='line_1_41' title="bbox 368 4763 1904 4849; baseline -0.002 1"><span class='ocrx_word' id='word_1_363' title='bbox 368 4828 371 4836; x_wconf 50' lang='lat'>2</span> <span class='ocrx_word' id='word_1_364' title='bbox 1075 4774 1084 4790; x_wconf 85' lang='lat'>&#39;</span> <span class='ocrx_word' id='word_1_365' title='bbox 1729 4837 1734 4849; x_wconf 89' lang='lat'><strong><em>.</em></strong></span> <span class='ocrx_word' id='word_1_366' title='bbox 1773 4763 1904 4847; x_wconf 89' lang='lat' dir='ltr'>mani-</span> 
     </span>
    </p>
   </div>
   <div class='ocr_carea' id='block_1_4' title="bbox 0 0 2115 5416">
    <p class='ocr_par' dir='ltr' id='par_1_15' title="bbox 0 0 2115 5416">
     <span class='ocr_line' id='line_1_42' title="bbox 0 0 2115 5416; baseline 0 0"><span class='ocrx_word' id='word_1_367' title='bbox 0 0 2115 5416; x_wconf 95' lang='lat' dir='ltr'> </span> 
     </span>
    </p>
   </div>
  </div>
 </body>
</html>
