<?xml version="1.0" encoding="UTF-8"?>
<!DOCTYPE html PUBLIC "-//W3C//DTD XHTML 1.0 Transitional//EN"
    "http://www.w3.org/TR/xhtml1/DTD/xhtml1-transitional.dtd">
<html xmlns="http://www.w3.org/1999/xhtml" xml:lang="en" lang="en">
 <head>
  <title>
</title>
<meta http-equiv="Content-Type" content="text/html;charset=utf-8" />
  <meta name='ocr-system' content='tesseract 3.04.00' />
  <meta name='ocr-capabilities' content='ocr_page ocr_carea ocr_par ocr_line ocrx_word'/>
</head>
<body>
  <div class='ocr_page' id='page_1' title='image "./phoronomiasived00hermgoog_0405.png"; bbox 0 0 4138 5418; ppageno 0'>
   <div class='ocr_carea' id='block_1_1' title="bbox 567 273 1784 714">
    <p class='ocr_par' dir='ltr' id='par_1_1' title="bbox 413 211 1951 714">
     <span class='ocr_line' id='line_1_1' title="bbox 567 273 1784 714; baseline 0.029 -82.594"><span class='ocrx_word' id='word_1_1' title='bbox 567 313 684 654; x_wconf 69' lang='lat' dir='ltr'><strong>n</strong></span> <span class='ocrx_word' id='word_1_2' title='bbox 740 305 974 714; x_wconf 60' lang='lat' dir='ltr'><strong>rr</strong></span> <span class='ocrx_word' id='word_1_3' title='bbox 1030 273 1784 661; x_wconf 64' lang='lat' dir='ltr'><strong>rann.</strong></span> 
     </span>
    </p>
   </div>
   <div class='ocr_carea' id='block_1_2' title="bbox 309 751 1950 1021">
    <p class='ocr_par' dir='ltr' id='par_1_2' title="bbox 309 751 1950 1021">
     <span class='ocr_line' id='line_1_2' title="bbox 309 751 1950 1021; baseline -0.009 -143"><span class='ocrx_word' id='word_1_4' title='bbox 309 843 314 854; x_wconf 92' lang='lat'>·</span> <span class='ocrx_word' id='word_1_5' title='bbox 418 789 716 1021; x_wconf 80' lang='lat' dir='ltr'><strong>Postquam</strong></span> <span class='ocrx_word' id='word_1_6' title='bbox 736 751 968 902; x_wconf 78' lang='lat' dir='ltr'><strong>praecedens</strong></span> <span class='ocrx_word' id='word_1_7' title='bbox 984 787 1182 874; x_wconf 73' lang='lat' dir='ltr'><strong>trastatus</strong></span> <span class='ocrx_word' id='word_1_8' title='bbox 1193 784 1485 903; x_wconf 83' lang='lat' dir='ltr'><strong>Typographo</strong></span> <span class='ocrx_word' id='word_1_9' title='bbox 1498 789 1583 900; x_wconf 85' lang='lat' dir='ltr'><strong>jam</strong></span> <span class='ocrx_word' id='word_1_10' title='bbox 1601 783 1950 891; x_wconf 69' lang='lat' dir='ltr'><strong>miffusesset,va.‘</strong></span> 
     </span>
    </p>
   </div>
   <div class='ocr_carea' id='block_1_3' title="bbox 288 900 2041 4760">
    <p class='ocr_par' dir='ltr' id='par_1_3' title="bbox 288 900 2041 4760">
     <span class='ocr_line' id='line_1_3' title="bbox 314 900 1948 1018; baseline 0 -29"><span class='ocrx_word' id='word_1_11' title='bbox 314 993 317 1001; x_wconf 78' lang='grc'>,</span> <span class='ocrx_word' id='word_1_12' title='bbox 402 929 405 936; x_wconf 93' lang='grc'><strong><em>·</em></strong></span> <span class='ocrx_word' id='word_1_13' title='bbox 517 906 577 989; x_wconf 82' lang='lat' dir='ltr'><strong>ria</strong></span> <span class='ocrx_word' id='word_1_14' title='bbox 593 905 763 988; x_wconf 88' lang='lat' dir='ltr'>subinde</span> <span class='ocrx_word' id='word_1_15' title='bbox 782 906 826 986; x_wconf 94' lang='lat' dir='ltr'><strong>in</strong></span> <span class='ocrx_word' id='word_1_16' title='bbox 835 911 1012 988; x_wconf 86' lang='lat' dir='ltr'><strong>mentem</strong></span> <span class='ocrx_word' id='word_1_17' title='bbox 1022 921 1234 1010; x_wconf 72' lang='lat' dir='ltr'><strong>venerunt,</strong></span> <span class='ocrx_word' id='word_1_18' title='bbox 1246 925 1339 1012; x_wconf 81' lang='lat' dir='ltr'><strong>quae</strong></span> <span class='ocrx_word' id='word_1_19' title='bbox 1348 920 1438 984; x_wconf 88' lang='lat' dir='ltr'><strong>tum</strong></span> <span class='ocrx_word' id='word_1_20' title='bbox 1448 901 1503 985; x_wconf 79' lang='lat' dir='ltr'><strong>ad</strong></span> <span class='ocrx_word' id='word_1_21' title='bbox 1511 900 1822 988; x_wconf 84' lang='lat' dir='ltr'><strong>illustrationem</strong></span> <span class='ocrx_word' id='word_1_22' title='bbox 1837 905 1948 1018; x_wconf 88' lang='lat' dir='ltr'><strong>Ope-</strong></span> 
     </span>
     <span class='ocr_line' id='line_1_4' title="bbox 377 1011 1947 1131; baseline 0.002 -28"><span class='ocrx_word' id='word_1_23' title='bbox 377 1019 384 1032; x_wconf 89' lang='lat'>&#39;</span> <span class='ocrx_word' id='word_1_24' title='bbox 420 1047 475 1103; x_wconf 88' lang='lat' dir='ltr'><strong>rrs</strong></span> <span class='ocrx_word' id='word_1_25' title='bbox 489 1075 503 1118; x_wconf 88' lang='lat'>,</span> <span class='ocrx_word' id='word_1_26' title='bbox 515 1041 605 1104; x_wconf 90' lang='lat' dir='ltr'><strong>tum</strong></span> <span class='ocrx_word' id='word_1_27' title='bbox 615 1020 737 1102; x_wconf 87' lang='lat' dir='ltr'><strong>etiam</strong></span> <span class='ocrx_word' id='word_1_28' title='bbox 747 1017 802 1102; x_wconf 89' lang='lat' dir='ltr'><strong>ad</strong></span> <span class='ocrx_word' id='word_1_29' title='bbox 819 1016 1162 1131; x_wconf 83' lang='lat' dir='ltr'><strong>qualemcumque</strong></span> <span class='ocrx_word' id='word_1_30' title='bbox 1181 1015 1377 1100; x_wconf 69' lang='lat' dir='ltr'><strong>doetrinae</strong></span> <span class='ocrx_word' id='word_1_31' title='bbox 1397 1011 1630 1129; x_wconf 70' lang='lat' dir='ltr'><strong>prosettam</strong></span> <span class='ocrx_word' id='word_1_32' title='bbox 1657 1013 1790 1110; x_wconf 85' lang='lat' dir='ltr'><strong>facere</strong></span> <span class='ocrx_word' id='word_1_33' title='bbox 1805 1019 1947 1106; x_wconf 76' lang='lat' dir='ltr'><strong>viden·</strong></span> 
     </span>
     <span class='ocr_line' id='line_1_5' title="bbox 417 1116 1986 1244; baseline 0.001 -28"><span class='ocrx_word' id='word_1_34' title='bbox 417 1151 498 1216; x_wconf 92' lang='lat' dir='ltr'><strong>tur.</strong></span> <span class='ocrx_word' id='word_1_35' title='bbox 553 1131 707 1216; x_wconf 83' lang='lat' dir='ltr'><strong>Eorum</strong></span> <span class='ocrx_word' id='word_1_36' title='bbox 727 1159 859 1244; x_wconf 84' lang='lat' dir='ltr'><strong>pauca</strong></span> <span class='ocrx_word' id='word_1_37' title='bbox 876 1131 921 1214; x_wconf 91' lang='lat' dir='ltr'><strong>in</strong></span> <span class='ocrx_word' id='word_1_38' title='bbox 941 1129 1020 1216; x_wconf 84' lang='lat' dir='ltr'><strong>hac</strong></span> <span class='ocrx_word' id='word_1_39' title='bbox 1039 1129 1289 1242; x_wconf 87' lang='lat' dir='ltr'><strong>Appendice</strong></span> <span class='ocrx_word' id='word_1_40' title='bbox 1309 1129 1635 1241; x_wconf 74' lang='lat' dir='ltr'><strong>precedentibus</strong></span> <span class='ocrx_word' id='word_1_41' title='bbox 1647 1205 1650 1213; x_wconf 88' lang='lat'><em>.</em></span> <span class='ocrx_word' id='word_1_42' title='bbox 1662 1129 1777 1213; x_wconf 86' lang='lat' dir='ltr'><strong>libris</strong></span> <span class='ocrx_word' id='word_1_43' title='bbox 1805 1133 1947 1218; x_wconf 83' lang='lat' dir='ltr'>addere</span> <span class='ocrx_word' id='word_1_44' title='bbox 1976 1116 1986 1140; x_wconf 77' lang='lat'>&#39;</span> 
     </span>
     <span class='ocr_line' id='line_1_6' title="bbox 420 1239 1945 1356; baseline 0 -26"><span class='ocrx_word' id='word_1_45' title='bbox 420 1245 640 1345; x_wconf 84' lang='lat' dir='ltr'><strong>constitui,</strong></span> <span class='ocrx_word' id='word_1_46' title='bbox 667 1245 834 1356; x_wconf 90' lang='lat' dir='ltr'><strong>quando</strong></span> <span class='ocrx_word' id='word_1_47' title='bbox 852 1244 1050 1356; x_wconf 87' lang='lat' dir='ltr'><strong>temporis</strong></span> <span class='ocrx_word' id='word_1_48' title='bbox 1065 1240 1250 1356; x_wconf 86' lang='lat' dir='ltr'><strong>angustia</strong></span> <span class='ocrx_word' id='word_1_49' title='bbox 1259 1263 1385 1356; x_wconf 86' lang='lat' dir='ltr'><strong>atque</strong></span> <span class='ocrx_word' id='word_1_50' title='bbox 1395 1241 1642 1356; x_wconf 82' lang='lat' dir='ltr'><strong>Bibliopolae</strong></span> <span class='ocrx_word' id='word_1_51' title='bbox 1653 1239 1945 1332; x_wconf 87' lang='lat' dir='ltr'><strong>festinationon</strong></span> 
     </span>
     <span class='ocr_line' id='line_1_7' title="bbox 417 1353 1932 1470; baseline 0.001 -28"><span class='ocrx_word' id='word_1_52' title='bbox 417 1359 654 1469; x_wconf 77' lang='lat' dir='ltr'><strong>¹concedunt</strong></span> <span class='ocrx_word' id='word_1_53' title='bbox 671 1359 776 1442; x_wconf 87' lang='lat' dir='ltr'><strong>mibi</strong></span> <span class='ocrx_word' id='word_1_54' title='bbox 795 1357 1119 1470; x_wconf 79' lang='lat' dir='ltr'><strong>oportunitatem</strong></span> <span class='ocrx_word' id='word_1_55' title='bbox 1138 1355 1277 1440; x_wconf 84' lang='lat' dir='ltr'><strong>omnia</strong></span> <span class='ocrx_word' id='word_1_56' title='bbox 1294 1355 1348 1440; x_wconf 87' lang='lat' dir='ltr'><strong>ad</strong></span> <span class='ocrx_word' id='word_1_57' title='bbox 1363 1353 1609 1440; x_wconf 83' lang='lat' dir='ltr'><strong>umbilicum</strong></span> <span class='ocrx_word' id='word_1_58' title='bbox 1625 1355 1872 1465; x_wconf 55' lang='lat' dir='ltr'><strong>deducendi.</strong></span> <span class='ocrx_word' id='word_1_59' title='bbox 1931 1419 1932 1424; x_wconf 15' lang='lat' dir='ltr'><strong>a</strong></span> 
     </span>
     <span class='ocr_line' id='line_1_8' title="bbox 472 1465 1952 1584; baseline -0.004 -26"><span class='ocrx_word' id='word_1_60' title='bbox 472 1473 509 1558; x_wconf 91' lang='lat'><strong>1.</strong></span> <span class='ocrx_word' id='word_1_61' title='bbox 539 1471 665 1556; x_wconf 89' lang='lat' dir='ltr'><strong>Circa</strong></span> <span class='ocrx_word' id='word_1_62' title='bbox 682 1470 926 1556; x_wconf 85' lang='lat' dir='ltr'><strong>notiffimam</strong></span> <span class='ocrx_word' id='word_1_63' title='bbox 953 1489 1106 1554; x_wconf 76' lang='lat' dir='ltr'><strong>naturae</strong></span> <span class='ocrx_word' id='word_1_64' title='bbox 1122 1468 1272 1583; x_wconf 84' lang='lat' dir='ltr'><strong>le&#39;gem,</strong></span> <span class='ocrx_word' id='word_1_65' title='bbox 1314 1470 1368 1552; x_wconf 66' lang='lat' dir='ltr'><strong>ud</strong></span> <span class='ocrx_word' id='word_1_66' title='bbox 1387 1465 1540 1554; x_wconf 75' lang='lat' dir='ltr'><strong>cuilibet</strong></span> <span class='ocrx_word' id='word_1_67' title='bbox 1556 1467 1697 1556; x_wconf 69' lang='lat' dir='ltr'><strong>aeliani</strong></span> <span class='ocrx_word' id='word_1_68' title='bbox 1714 1469 1870 1584; x_wconf 79' lang='lat' dir='ltr'><strong>aequalis</strong></span> <span class='ocrx_word' id='word_1_69' title='bbox 1896 1469 1952 1565; x_wconf 59' lang='grc' dir='ltr'><strong>ὠν</strong></span> 
     </span>
     <span class='ocr_line' id='line_1_9' title="bbox 417 1495 1940 1696; baseline -0.001 -28"><span class='ocrx_word' id='word_1_70' title='bbox 417 1591 613 1670; x_wconf 81' lang='lat' dir='ltr'><strong>contraria</strong></span> <span class='ocrx_word' id='word_1_71' title='bbox 629 1579 697 1694; x_wconf 82' lang='lat' dir='ltr'><strong>effe</strong></span> <span class='ocrx_word' id='word_1_72' title='bbox 714 1579 858 1669; x_wconf 66' lang='lat' dir='ltr'><strong>dicitnr</strong></span> <span class='ocrx_word' id='word_1_73' title='bbox 874 1581 1040 1681; x_wconf 66' lang='lat' dir='ltr'><strong>remit,</strong></span> <span class='ocrx_word' id='word_1_74' title='bbox 1068 1610 1198 1694; x_wconf 83' lang='lat' dir='ltr'><strong>quam·</strong></span> <span class='ocrx_word' id='word_1_75' title='bbox 1211 1609 1262 1666; x_wconf 86' lang='lat' dir='ltr'><strong>ex</strong></span> <span class='ocrx_word' id='word_1_76' title='bbox 1282 1495 1322 1682; x_wconf 56' lang='grc' dir='ltr'><strong>ξ.</strong></span> <span class='ocrx_word' id='word_1_77' title='bbox 1340 1609 1401 1666; x_wconf 89' lang='lat'><strong>11.</strong></span> <span class='ocrx_word' id='word_1_78' title='bbox 1436 1581 1664 1668; x_wconf 79' lang='lat' dir='ltr'><strong>derivatam</strong></span> <span class='ocrx_word' id='word_1_79' title='bbox 1686 1585 1736 1690; x_wconf 86' lang='lat' dir='ltr'><strong>in</strong></span> <span class='ocrx_word' id='word_1_80' title='bbox 1764 1581 1940 1696; x_wconf 86' lang='lat' dir='ltr'><strong>sequenti</strong></span> 
     </span>
     <span class='ocr_line' id='line_1_10' title="bbox 419 1683 1938 1812; baseline 0.002 -33"><span class='ocrx_word' id='word_1_81' title='bbox 419 1696 463 1806; x_wconf 86' lang='lat'><strong>§.¹</strong></span> <span class='ocrx_word' id='word_1_82' title='bbox 476 1723 538 1782; x_wconf 91' lang='lat'><strong>12.</strong></span> <span class='ocrx_word' id='word_1_83' title='bbox 565 1695 714 1796; x_wconf 80' lang='lat' dir='ltr'><strong>retuli,</strong></span> <span class='ocrx_word' id='word_1_84' title='bbox 742 1725 836 1812; x_wconf 87' lang='lat' dir='ltr'>egre</span> <span class='ocrx_word' id='word_1_85' title='bbox 868 1699 899 1780; x_wconf 90' lang='lat' dir='ltr'><strong>ii</strong></span> <span class='ocrx_word' id='word_1_86' title='bbox 925 1697 1115 1782; x_wconf 90' lang='lat' dir='ltr'><strong>nonnulli</strong></span> <span class='ocrx_word' id='word_1_87' title='bbox 1142 1683 1228 1780; x_wconf 76' lang='lat' dir='ltr'><strong>&#39;viri</strong></span> <span class='ocrx_word' id='word_1_88' title='bbox 1253 1695 1404 1780; x_wconf 81' lang='lat' dir='ltr'><strong>haerere</strong></span> <span class='ocrx_word' id='word_1_89' title='bbox 1419 1695 1649 1795; x_wconf 59' lang='lat' dir='ltr'><strong>uidentur,</strong></span> <span class='ocrx_word' id='word_1_90' title='bbox 1675 1692 1938 1782; x_wconf 82' lang='lat' dir='ltr'><strong>existimantes</strong></span> 
     </span>
     <span class='ocr_line' id='line_1_11' title="bbox 346 1725 2041 1926; baseline -0.005 -24"><span class='ocrx_word' id='word_1_91' title='bbox 346 1881 356 1902; x_wconf 89' lang='lat'><strong>.</strong></span> <span class='ocrx_word' id='word_1_92' title='bbox 417 1835 629 1922; x_wconf 64' lang='lat' dir='ltr'><strong>nunquam</strong></span> <span class='ocrx_word' id='word_1_93' title='bbox 646 1831 808 1918; x_wconf 85' lang='lat' dir='ltr'><strong>motum</strong></span> <span class='ocrx_word' id='word_1_94' title='bbox 825 1725 943 1926; x_wconf 51' lang='lat' dir='ltr'><strong>Equi</strong></span> <span class='ocrx_word' id='word_1_95' title='bbox 959 1809 1106 1894; x_wconf 88' lang='lat' dir='ltr'><strong>debere</strong></span> <span class='ocrx_word' id='word_1_96' title='bbox 1123 1807 1348 1916; x_wconf 73' lang='lat' dir='ltr'><strong>altionem,</strong></span> <span class='ocrx_word' id='word_1_97' title='bbox 1373 1807 1521 1894; x_wconf 80' lang='lat' dir='ltr'><strong>fihuie</strong></span> <span class='ocrx_word' id='word_1_98' title='bbox 1541 1807 1710 1920; x_wconf 75' lang='lat' dir='ltr'><strong>aequalis</strong></span> <span class='ocrx_word' id='word_1_99' title='bbox 1724 1805 1935 1923; x_wconf 71' lang='lat' dir='ltr'><strong>semper&amp;</strong></span> <span class='ocrx_word' id='word_1_100' title='bbox 2040 1879 2041 1884; x_wconf 14' lang='lat' dir='ltr'><strong>a</strong></span> 
     </span>
     <span class='ocr_line' id='line_1_12' title="bbox 418 1917 1939 2036; baseline 0 -30"><span class='ocrx_word' id='word_1_101' title='bbox 418 1929 622 2010; x_wconf 87' lang='lat' dir='ltr'><strong>contraria</strong></span> <span class='ocrx_word' id='word_1_102' title='bbox 639 1923 689 2008; x_wconf 90' lang='lat' dir='ltr'><strong>srt</strong></span> <span class='ocrx_word' id='word_1_103' title='bbox 706 1924 859 2010; x_wconf 61' lang='lat' dir='ltr'><strong>readio</strong></span> <span class='ocrx_word' id='word_1_104' title='bbox 868 1970 882 2026; x_wconf 58' lang='grc' dir='ltr'><strong><em>ς</em></strong></span> <span class='ocrx_word' id='word_1_105' title='bbox 911 1925 1004 2010; x_wconf 78' lang='lat' dir='ltr'><strong>nani</strong></span> <span class='ocrx_word' id='word_1_106' title='bbox 1023 1922 1084 2023; x_wconf 88' lang='lat' dir='ltr'><strong>sr,</strong></span> <span class='ocrx_word' id='word_1_107' title='bbox 1109 1945 1158 2008; x_wconf 91' lang='lat' dir='ltr'><strong>ut</strong></span> <span class='ocrx_word' id='word_1_108' title='bbox 1177 1923 1222 2007; x_wconf 91' lang='lat' dir='ltr'><strong>in</strong></span> <span class='ocrx_word' id='word_1_109' title='bbox 1239 1922 1434 2036; x_wconf 87' lang='lat' dir='ltr'><strong>exemplo</strong></span> <span class='ocrx_word' id='word_1_110' title='bbox 1453 1923 1477 2006; x_wconf 73' lang='grc' dir='ltr'>ὲ</span> <span class='ocrx_word' id='word_1_111' title='bbox 1498 1921 1641 2007; x_wconf 89' lang='lat' dir='ltr'><strong>Celeb.</strong></span> <span class='ocrx_word' id='word_1_112' title='bbox 1653 1917 1864 2010; x_wconf 85' lang='lat' dir='ltr'><strong>Newtono</strong></span> <span class='ocrx_word' id='word_1_113' title='bbox 1881 1923 1939 2006; x_wconf 89' lang='lat' dir='ltr'><strong>in·</strong></span> 
     </span>
     <span class='ocr_line' id='line_1_13' title="bbox 416 2031 1937 2152; baseline 0.001 -32"><span class='ocrx_word' id='word_1_114' title='bbox 416 2053 480 2120; x_wconf 89' lang='lat' dir='ltr'><strong>ter</strong></span> <span class='ocrx_word' id='word_1_115' title='bbox 499 2037 580 2122; x_wconf 86' lang='lat' dir='ltr'><strong>alia</strong></span> <span class='ocrx_word' id='word_1_116' title='bbox 598 2037 802 2139; x_wconf 74' lang='lat' dir='ltr'><strong>addue&#39;to,</strong></span> <span class='ocrx_word' id='word_1_117' title='bbox 828 2047 959 2152; x_wconf 84' lang='lat' dir='ltr'><strong>equus</strong></span> <span class='ocrx_word' id='word_1_118' title='bbox 972 2031 1159 2151; x_wconf 85' lang='lat' dir='ltr'><strong>lapidem</strong></span> <span class='ocrx_word' id='word_1_119' title='bbox 1176 2033 1268 2122; x_wconf 89' lang='lat' dir='ltr'><strong>funi</strong></span> <span class='ocrx_word' id='word_1_120' title='bbox 1288 2035 1505 2148; x_wconf 80' lang='lat' dir='ltr'><strong>alligatum</strong></span> <span class='ocrx_word' id='word_1_121' title='bbox 1524 2034 1686 2146; x_wconf 83' lang='lat' dir='ltr'><strong>trahens</strong></span> <span class='ocrx_word' id='word_1_122' title='bbox 1706 2064 1822 2149; x_wconf 86' lang='lat' dir='ltr'><strong>aequa</strong></span> <span class='ocrx_word' id='word_1_123' title='bbox 1830 2035 1871 2122; x_wconf 85' lang='lat' dir='ltr'><strong>vi</strong></span> <span class='ocrx_word' id='word_1_124' title='bbox 1880 2065 1937 2122; x_wconf 88' lang='lat' dir='ltr'><strong>re·</strong></span> 
     </span>
     <span class='ocr_line' id='line_1_14' title="bbox 411 2147 1935 2264; baseline 0 -32"><span class='ocrx_word' id='word_1_125' title='bbox 411 2149 595 2236; x_wconf 74' lang='lat' dir='ltr'><strong>trahitur</strong></span> <span class='ocrx_word' id='word_1_126' title='bbox 611 2152 656 2234; x_wconf 93' lang='lat' dir='ltr'><strong>in</strong></span> <span class='ocrx_word' id='word_1_127' title='bbox 675 2151 883 2264; x_wconf 80' lang='lat' dir='ltr'><strong>lapidem,</strong></span> <span class='ocrx_word' id='word_1_128' title='bbox 910 2147 1351 2264; x_wconf 63' lang='lat' dir='ltr'><strong>quomod02inquiunt</strong></span> <span class='ocrx_word' id='word_1_129' title='bbox 1363 2150 1583 2264; x_wconf 86' lang='lat' dir='ltr'><strong>,progredi</strong></span> <span class='ocrx_word' id='word_1_130' title='bbox 1601 2177 1731 2262; x_wconf 82' lang='lat' dir='ltr'><strong>equus</strong></span> <span class='ocrx_word' id='word_1_131' title='bbox 1748 2149 1788 2234; x_wconf 90' lang='lat' dir='ltr'><strong>la</strong></span> <span class='ocrx_word' id='word_1_132' title='bbox 1815 2149 1935 2236; x_wconf 88' lang='lat' dir='ltr'><strong>idern-</strong></span> 
     </span>
     <span class='ocr_line' id='line_1_15' title="bbox 415 2179 1937 2388; baseline 0.001 -44"><span class='ocrx_word' id='word_1_133' title='bbox 415 2287 502 2374; x_wconf 89' lang='lat' dir='ltr'><strong>que</strong></span> <span class='ocrx_word' id='word_1_134' title='bbox 519 2292 685 2352; x_wconf 83' lang='lat' dir='ltr'><strong>movere</strong></span> <span class='ocrx_word' id='word_1_135' title='bbox 703 2265 860 2388; x_wconf 80' lang='lat' dir='ltr'><strong>potest,</strong></span> <span class='ocrx_word' id='word_1_136' title='bbox 888 2264 919 2348; x_wconf 89' lang='lat' dir='ltr'>fi</span> <span class='ocrx_word' id='word_1_137' title='bbox 945 2263 1010 2352; x_wconf 88' lang='lat' dir='ltr'><strong>vis</strong></span> <span class='ocrx_word' id='word_1_138' title='bbox 1036 2291 1166 2378; x_wconf 80' lang='lat' dir='ltr'><strong>agene</strong></span> <span class='ocrx_word' id='word_1_139' title='bbox 1189 2265 1240 2350; x_wconf 86' lang='lat' dir='ltr'><strong>ab</strong></span> <span class='ocrx_word' id='word_1_140' title='bbox 1269 2263 1420 2376; x_wconf 87' lang='lat' dir='ltr'><strong>aequali</strong></span> <span class='ocrx_word' id='word_1_141' title='bbox 1448 2271 1490 2349; x_wconf 75' lang='lat' dir='ltr'><strong>bt</strong></span> <span class='ocrx_word' id='word_1_142' title='bbox 1513 2265 1714 2358; x_wconf 84' lang='lat' dir='ltr'><strong>contraria</strong></span> <span class='ocrx_word' id='word_1_143' title='bbox 1731 2179 1937 2348; x_wconf 50' lang='lat' dir='ltr'><strong>rmfilentia</strong></span> 
     </span>
     <span class='ocr_line' id='line_1_16' title="bbox 418 2375 1934 2488; baseline 0.002 -30"><span class='ocrx_word' id='word_1_144' title='bbox 418 2375 652 2461; x_wconf 75' lang='lat' dir='ltr'><strong>absorbetur</strong></span> <span class='ocrx_word' id='word_1_145' title='bbox 669 2397 760 2462; x_wconf 83' lang='lat' dir='ltr'><strong>tota</strong></span> <span class='ocrx_word' id='word_1_146' title='bbox 776 2398 903 2488; x_wconf 88' lang='lat' dir='ltr'><strong>atque</strong></span> <span class='ocrx_word' id='word_1_147' title='bbox 921 2379 1189 2460; x_wconf 77' lang='lat' dir='ltr'><strong>retunditur?</strong></span> <span class='ocrx_word' id='word_1_148' title='bbox 1223 2377 1308 2462; x_wconf 88' lang='lat' dir='ltr'><strong>Sed</strong></span> <span class='ocrx_word' id='word_1_149' title='bbox 1328 2375 1417 2460; x_wconf 82' lang='lat' dir='ltr'><strong>hare</strong></span> <span class='ocrx_word' id='word_1_150' title='bbox 1444 2377 1619 2486; x_wconf 65' lang='lat' dir='ltr'><strong>objectio</strong></span> <span class='ocrx_word' id='word_1_151' title='bbox 1644 2377 1695 2458; x_wconf 86' lang='lat' dir='ltr'><strong>ab</strong></span> <span class='ocrx_word' id='word_1_152' title='bbox 1710 2377 1934 2486; x_wconf 78' lang='lat' dir='ltr'><strong>aequivoca&#39;-</strong></span> 
     </span>
     <span class='ocr_line' id='line_1_17' title="bbox 415 2486 1938 2600; baseline 0.003 -34"><span class='ocrx_word' id='word_1_153' title='bbox 415 2486 531 2574; x_wconf 88' lang='lat' dir='ltr'><strong>tione</strong></span> <span class='ocrx_word' id='word_1_154' title='bbox 550 2492 659 2576; x_wconf 86' lang='lat' dir='ltr'><strong>circa</strong></span> <span class='ocrx_word' id='word_1_155' title='bbox 679 2491 928 2576; x_wconf 81' lang='lat' dir='ltr'><strong>nomina&#39;vis</strong></span> <span class='ocrx_word' id='word_1_156' title='bbox 948 2497 989 2573; x_wconf 69' lang='grc' dir='ltr'><strong>ὃν</strong></span> <span class='ocrx_word' id='word_1_157' title='bbox 1007 2488 1166 2575; x_wconf 69' lang='lat' dir='ltr'><strong>amonis</strong></span> <span class='ocrx_word' id='word_1_158' title='bbox 1182 2509 1277 2570; x_wconf 86' lang='lat' dir='ltr'><strong>nata</strong></span> <span class='ocrx_word' id='word_1_159' title='bbox 1294 2486 1373 2572; x_wconf 83' lang='lat' dir='ltr'><strong>elle</strong></span> <span class='ocrx_word' id='word_1_160' title='bbox 1390 2487 1557 2574; x_wconf 78' lang='lat' dir='ltr'><strong>videtur</strong></span> <span class='ocrx_word' id='word_1_161' title='bbox 1567 2548 1582 2590; x_wconf 88' lang='lat'>‚</span> <span class='ocrx_word' id='word_1_162' title='bbox 1608 2513 1699 2600; x_wconf 83' lang='lat' dir='ltr'><strong>quae</strong></span> <span class='ocrx_word' id='word_1_163' title='bbox 1715 2509 1845 2572; x_wconf 84' lang='lat' dir='ltr'><strong>tamen</strong></span> <span class='ocrx_word' id='word_1_164' title='bbox 1854 2487 1938 2570; x_wconf 90' lang='lat' dir='ltr'><strong>duo</strong></span> 
     </span>
     <span class='ocr_line' id='line_1_18' title="bbox 419 2595 1936 2716; baseline 0.003 -34"><span class='ocrx_word' id='word_1_165' title='bbox 419 2622 608 2688; x_wconf 89' lang='lat' dir='ltr'><strong>accurate</strong></span> <span class='ocrx_word' id='word_1_166' title='bbox 626 2603 777 2698; x_wconf 85' lang='lat' dir='ltr'><strong>debent</strong></span> <span class='ocrx_word' id='word_1_167' title='bbox 794 2601 1004 2716; x_wconf 86' lang='lat' dir='ltr'><strong>distingui.</strong></span> <span class='ocrx_word' id='word_1_168' title='bbox 1063 2599 1142 2688; x_wconf 92' lang='lat' dir='ltr'><strong>Vis</strong></span> <span class='ocrx_word' id='word_1_169' title='bbox 1155 2595 1384 2712; x_wconf 82' lang='lat' dir='ltr'><strong>&#39;corporum</strong></span> <span class='ocrx_word' id='word_1_170' title='bbox 1412 2629 1495 2684; x_wconf 93' lang='lat' dir='ltr'><strong>non</strong></span> <span class='ocrx_word' id='word_1_171' title='bbox 1514 2601 1573 2684; x_wconf 87' lang='lat' dir='ltr'><strong>est</strong></span> <span class='ocrx_word' id='word_1_172' title='bbox 1589 2602 1698 2685; x_wconf 68' lang='lat' dir='ltr'><strong>aetio</strong></span> <span class='ocrx_word' id='word_1_173' title='bbox 1717 2601 1822 2712; x_wconf 59' lang='lat' dir='ltr'><strong>ipsat</strong></span> <span class='ocrx_word' id='word_1_174' title='bbox 1848 2628 1936 2686; x_wconf 87' lang='lat' dir='ltr'><strong>nam</strong></span> 
     </span>
     <span class='ocr_line' id='line_1_19' title="bbox 419 2711 1939 2829; baseline 0.001 -35"><span class='ocrx_word' id='word_1_175' title='bbox 419 2711 528 2809; x_wconf 70' lang='lat' dir='ltr'><strong>attio</strong></span> <span class='ocrx_word' id='word_1_176' title='bbox 545 2715 602 2800; x_wconf 86' lang='lat' dir='ltr'><strong>est</strong></span> <span class='ocrx_word' id='word_1_177' title='bbox 619 2715 849 2829; x_wconf 88' lang='lat' dir='ltr'><strong>applicatio</strong></span> <span class='ocrx_word' id='word_1_178' title='bbox 868 2715 932 2800; x_wconf 88' lang='lat' dir='ltr'><strong>vis</strong></span> <span class='ocrx_word' id='word_1_179' title='bbox 962 2714 1173 2824; x_wconf 85' lang='lat' dir='ltr'><strong>cujusdam</strong></span> <span class='ocrx_word' id='word_1_180' title='bbox 1199 2711 1377 2824; x_wconf 72' lang='lat' dir='ltr'><strong>subjetro</strong></span> <span class='ocrx_word' id='word_1_181' title='bbox 1404 2711 1634 2814; x_wconf 86' lang='lat' dir='ltr'><strong>habili,seu</strong></span> <span class='ocrx_word' id='word_1_182' title='bbox 1664 2715 1732 2798; x_wconf 92' lang='lat' dir='ltr'><strong>cui</strong></span> <span class='ocrx_word' id='word_1_183' title='bbox 1750 2713 1939 2825; x_wconf 88' lang='lat' dir='ltr'><strong>applicari</strong></span> 
     </span>
     <span class='ocr_line' id='line_1_20' title="bbox 288 2824 1940 2939; baseline 0.001 -31"><span class='ocrx_word' id='word_1_184' title='bbox 288 2825 290 2836; x_wconf 85' lang='lat'>&#39;</span> <span class='ocrx_word' id='word_1_185' title='bbox 416 2827 573 2938; x_wconf 90' lang='lat' dir='ltr'><strong>potest:</strong></span> <span class='ocrx_word' id='word_1_186' title='bbox 602 2828 667 2911; x_wconf 93' lang='lat' dir='ltr'><strong>illi</strong></span> <span class='ocrx_word' id='word_1_187' title='bbox 688 2829 788 2914; x_wconf 79' lang='lat' dir='ltr'><strong>verb</strong></span> <span class='ocrx_word' id='word_1_188' title='bbox 810 2826 887 2910; x_wconf 92' lang='lat' dir='ltr'><strong>soli</strong></span> <span class='ocrx_word' id='word_1_189' title='bbox 909 2855 981 2911; x_wconf 92' lang='lat' dir='ltr'><strong>cor</strong></span> <span class='ocrx_word' id='word_1_190' title='bbox 1012 2825 1075 2908; x_wconf 89' lang='lat' dir='ltr'><strong>ori</strong></span> <span class='ocrx_word' id='word_1_191' title='bbox 1095 2825 1296 2938; x_wconf 83' lang='lat' dir='ltr'><strong>applicari</strong></span> <span class='ocrx_word' id='word_1_192' title='bbox 1313 2824 1510 2926; x_wconf 86' lang='lat' dir='ltr'><strong>censetur,</strong></span> <span class='ocrx_word' id='word_1_193' title='bbox 1521 2827 1638 2939; x_wconf 88' lang='lat' dir='ltr'><strong>quod</strong></span> <span class='ocrx_word' id='word_1_194' title='bbox 1653 2825 1796 2917; x_wconf 86' lang='lat' dir='ltr'><strong>refillit</strong></span> <span class='ocrx_word' id='word_1_195' title='bbox 1802 2885 1816 2927; x_wconf 89' lang='lat'>,</span> <span class='ocrx_word' id='word_1_196' title='bbox 1835 2827 1940 2938; x_wconf 86' lang='lat' dir='ltr'><strong>quod</strong></span> 
     </span>
     <span class='ocr_line' id='line_1_21' title="bbox 419 2855 1996 3053; baseline -0.001 -30"><span class='ocrx_word' id='word_1_197' title='bbox 419 2942 631 3041; x_wconf 86' lang='lat' dir='ltr'><strong>renititur,</strong></span> <span class='ocrx_word' id='word_1_198' title='bbox 659 2941 776 3052; x_wconf 89' lang='lat' dir='ltr'><strong>quod</strong></span> <span class='ocrx_word' id='word_1_199' title='bbox 794 2969 861 3024; x_wconf 92' lang='lat' dir='ltr'><strong>rea</strong></span> <span class='ocrx_word' id='word_1_200' title='bbox 891 2941 936 3022; x_wconf 90' lang='lat' dir='ltr'><strong>it.</strong></span> <span class='ocrx_word' id='word_1_201' title='bbox 965 2855 1015 3022; x_wconf 51' lang='grc' dir='ltr'><strong>ξι</strong></span> <span class='ocrx_word' id='word_1_202' title='bbox 1037 2937 1154 3024; x_wconf 88' lang='lat' dir='ltr'><strong>rebus</strong></span> <span class='ocrx_word' id='word_1_203' title='bbox 1172 2937 1449 3025; x_wconf 85' lang='lat' dir='ltr'><strong>materialibus</strong></span> <span class='ocrx_word' id='word_1_204' title='bbox 1466 2941 1580 3026; x_wconf 79' lang='lat' dir='ltr'><strong>nulla</strong></span> <span class='ocrx_word' id='word_1_205' title='bbox 1598 2940 1656 3025; x_wconf 90' lang='lat' dir='ltr'><strong>est</strong></span> <span class='ocrx_word' id='word_1_206' title='bbox 1667 2941 1778 3026; x_wconf 73' lang='lat' dir='ltr'><strong>astio</strong></span> <span class='ocrx_word' id='word_1_207' title='bbox 1784 2968 1857 3053; x_wconf 91' lang='lat' dir='ltr'><strong>pro</strong></span> <span class='ocrx_word' id='word_1_208' title='bbox 1886 2940 1939 3022; x_wconf 88' lang='lat' dir='ltr'><strong>rie</strong></span> <span class='ocrx_word' id='word_1_209' title='bbox 1993 2988 1996 2994; x_wconf 22' lang='grc' dir='ltr'><strong>Δ</strong></span> 
     </span>
     <span class='ocr_line' id='line_1_22' title="bbox 418 2967 1939 3168; baseline 0.001 -36"><span class='ocrx_word' id='word_1_210' title='bbox 418 3049 474 3136; x_wconf 87' lang='lat' dir='ltr'><strong>fic</strong></span> <span class='ocrx_word' id='word_1_211' title='bbox 484 3055 609 3154; x_wconf 68' lang='lat' dir='ltr'><strong>dieta,</strong></span> <span class='ocrx_word' id='word_1_212' title='bbox 618 3055 690 3138; x_wconf 93' lang='lat' dir='ltr'><strong>ubi</strong></span> <span class='ocrx_word' id='word_1_213' title='bbox 708 3053 822 3138; x_wconf 90' lang='lat' dir='ltr'><strong>nulla</strong></span> <span class='ocrx_word' id='word_1_214' title='bbox 837 2967 894 3168; x_wconf 48' lang='grc' dir='ltr'><strong>»τῇ</strong></span> <span class='ocrx_word' id='word_1_215' title='bbox 916 3052 1089 3153; x_wconf 69' lang='lat' dir='ltr'><strong>readli03</strong></span> <span class='ocrx_word' id='word_1_216' title='bbox 1118 3081 1247 3164; x_wconf 89' lang='lat' dir='ltr'><strong>equus</strong></span> <span class='ocrx_word' id='word_1_217' title='bbox 1258 3054 1382 3154; x_wconf 89' lang='lat' dir='ltr'><strong>enim,</strong></span> <span class='ocrx_word' id='word_1_218' title='bbox 1392 3056 1467 3168; x_wconf 87' lang='lat' dir='ltr'><strong>qui</strong></span> <span class='ocrx_word' id='word_1_219' title='bbox 1484 3084 1556 3140; x_wconf 91' lang='lat' dir='ltr'><strong>cor</strong></span> <span class='ocrx_word' id='word_1_220' title='bbox 1588 3083 1634 3138; x_wconf 86' lang='lat' dir='ltr'><strong>us</strong></span> <span class='ocrx_word' id='word_1_221' title='bbox 1655 3053 1753 3142; x_wconf 78' lang='lat' dir='ltr'><strong>nihil</strong></span> <span class='ocrx_word' id='word_1_222' title='bbox 1771 2969 1939 3160; x_wconf 53' lang='lat' dir='ltr'><strong>resrllenb</strong></span> 
     </span>
     <span class='ocr_line' id='line_1_23' title="bbox 419 3165 1941 3279; baseline -0.003 -28"><span class='ocrx_word' id='word_1_223' title='bbox 419 3165 512 3279; x_wconf 90' lang='lat' dir='ltr'><strong>post</strong></span> <span class='ocrx_word' id='word_1_224' title='bbox 533 3167 573 3252; x_wconf 89' lang='lat' dir='ltr'><strong>se</strong></span> <span class='ocrx_word' id='word_1_225' title='bbox 591 3167 742 3269; x_wconf 87' lang='lat' dir='ltr'><strong>trahit,</strong></span> <span class='ocrx_word' id='word_1_226' title='bbox 770 3166 869 3254; x_wconf 81' lang='lat' dir='ltr'><strong>nihil</strong></span> <span class='ocrx_word' id='word_1_227' title='bbox 888 3165 1048 3250; x_wconf 87' lang='lat' dir='ltr'><strong>trahere</strong></span> <span class='ocrx_word' id='word_1_228' title='bbox 1067 3165 1135 3249; x_wconf 88' lang='lat' dir='ltr'><strong>vel</strong></span> <span class='ocrx_word' id='word_1_229' title='bbox 1153 3195 1233 3254; x_wconf 82' lang='lat' dir='ltr'><strong>non-</strong></span> <span class='ocrx_word' id='word_1_230' title='bbox 1245 3167 1426 3267; x_wconf 90' lang='lat' dir='ltr'><strong>trahere,</strong></span> <span class='ocrx_word' id='word_1_231' title='bbox 1453 3170 1539 3254; x_wconf 90' lang='lat' dir='ltr'><strong>ide</strong></span> <span class='ocrx_word' id='word_1_232' title='bbox 1583 3168 1671 3272; x_wconf 84' lang='lat' dir='ltr'><strong>‚nil</strong></span> <span class='ocrx_word' id='word_1_233' title='bbox 1690 3169 1804 3253; x_wconf 87' lang='lat' dir='ltr'><strong>aliud</strong></span> <span class='ocrx_word' id='word_1_234' title='bbox 1819 3193 1941 3279; x_wconf 83' lang='lat' dir='ltr'><strong>agore,</strong></span> 
     </span>
     <span class='ocr_line' id='line_1_24' title="bbox 419 3278 1941 3398; baseline -0.002 -35"><span class='ocrx_word' id='word_1_235' title='bbox 419 3305 546 3398; x_wconf 87' lang='lat' dir='ltr'><strong>quam</strong></span> <span class='ocrx_word' id='word_1_236' title='bbox 565 3281 807 3396; x_wconf 87' lang='lat' dir='ltr'><strong>srmpliciter</strong></span> <span class='ocrx_word' id='word_1_237' title='bbox 825 3279 1039 3377; x_wconf 77' lang='lat' dir='ltr'><strong>incedere3</strong></span> <span class='ocrx_word' id='word_1_238' title='bbox 1063 3278 1258 3366; x_wconf 87' lang='lat' dir='ltr'><strong>censetur.</strong></span> <span class='ocrx_word' id='word_1_239' title='bbox 1306 3279 1357 3394; x_wconf 90' lang='lat' dir='ltr'><strong>In</strong></span> <span class='ocrx_word' id='word_1_240' title='bbox 1375 3282 1785 3396; x_wconf 71' lang='lat' dir='ltr'><strong>omniergoastione</strong></span> <span class='ocrx_word' id='word_1_241' title='bbox 1803 3307 1941 3391; x_wconf 87' lang='lat' dir='ltr'><strong>corpo·</strong></span> 
     </span>
     <span class='ocr_line' id='line_1_25' title="bbox 419 3393 1942 3512; baseline -0.001 -34"><span class='ocrx_word' id='word_1_242' title='bbox 419 3420 488 3478; x_wconf 87' lang='lat' dir='ltr'><strong>rea</strong></span> <span class='ocrx_word' id='word_1_243' title='bbox 504 3395 562 3480; x_wconf 91' lang='lat' dir='ltr'><strong>est</strong></span> <span class='ocrx_word' id='word_1_244' title='bbox 582 3393 742 3484; x_wconf 85' lang='lat' dir='ltr'><strong>collisso</strong></span> <span class='ocrx_word' id='word_1_245' title='bbox 759 3393 866 3479; x_wconf 92' lang='lat' dir='ltr'><strong>inter</strong></span> <span class='ocrx_word' id='word_1_246' title='bbox 894 3393 982 3476; x_wconf 89' lang='lat' dir='ltr'><strong>vim</strong></span> <span class='ocrx_word' id='word_1_247' title='bbox 1012 3399 1279 3506; x_wconf 83' lang='lat' dir='ltr'><strong>agentem&amp;</strong></span> <span class='ocrx_word' id='word_1_248' title='bbox 1301 3394 1488 3479; x_wconf 89' lang='lat' dir='ltr'><strong>renixum</strong></span> <span class='ocrx_word' id='word_1_249' title='bbox 1501 3493 1503 3502; x_wconf 18' lang='lat' dir='ltr'>y</span> <span class='ocrx_word' id='word_1_250' title='bbox 1518 3397 1709 3512; x_wconf 81' lang='lat' dir='ltr'><strong>corporis.</strong></span> <span class='ocrx_word' id='word_1_251' title='bbox 1728 3393 1942 3507; x_wconf 86' lang='lat' dir='ltr'><strong>patientis,</strong></span> 
     </span>
     <span class='ocr_line' id='line_1_26' title="bbox 420 3505 1942 3703; baseline -0.001 -113"><span class='ocrx_word' id='word_1_252' title='bbox 420 3507 652 3703; x_wconf 77' lang='lat' dir='ltr'><strong>applicatio</strong></span> <span class='ocrx_word' id='word_1_253' title='bbox 668 3509 732 3596; x_wconf 88' lang='lat' dir='ltr'><strong>vis</strong></span> <span class='ocrx_word' id='word_1_254' title='bbox 752 3507 910 3624; x_wconf 88' lang='lat' dir='ltr'><strong>agentis</strong></span> <span class='ocrx_word' id='word_1_255' title='bbox 929 3507 973 3590; x_wconf 90' lang='lat' dir='ltr'><strong>in</strong></span> <span class='ocrx_word' id='word_1_256' title='bbox 993 3535 1167 3620; x_wconf 91' lang='lat' dir='ltr'><strong>corpore</strong></span> <span class='ocrx_word' id='word_1_257' title='bbox 1185 3505 1386 3598; x_wconf 58' lang='lat' dir='ltr'><strong>abbionem</strong></span> <span class='ocrx_word' id='word_1_258' title='bbox 1402 3507 1659 3624; x_wconf 84' lang='lat' dir='ltr'><strong>suscipiente,</strong></span> <span class='ocrx_word' id='word_1_259' title='bbox 1669 3510 1752 3594; x_wconf 90' lang='lat' dir='ltr'><strong>hoc</strong></span> <span class='ocrx_word' id='word_1_260' title='bbox 1762 3507 1834 3605; x_wconf 87' lang='lat' dir='ltr'><strong>est,</strong></span> <span class='ocrx_word' id='word_1_261' title='bbox 1844 3505 1942 3591; x_wconf 70' lang='lat' dir='ltr'><strong>adio</strong></span> 
     </span>
     <span class='ocr_line' id='line_1_27' title="bbox 419 3619 1945 3736; baseline -0.005 -30"><span class='ocrx_word' id='word_1_262' title='bbox 419 3619 464 3730; x_wconf 89' lang='lat' dir='ltr'><strong>ip</strong></span> <span class='ocrx_word' id='word_1_263' title='bbox 484 3623 695 3736; x_wconf 74' lang='lat' dir='ltr'><strong>aequalis</strong></span> <span class='ocrx_word' id='word_1_264' title='bbox 715 3621 773 3710; x_wconf 89' lang='lat' dir='ltr'><strong>est</strong></span> <span class='ocrx_word' id='word_1_265' title='bbox 789 3629 835 3730; x_wconf 37' lang='grc' dir='ltr'><strong>,δε</strong></span> <span class='ocrx_word' id='word_1_266' title='bbox 854 3622 1056 3721; x_wconf 83' lang='lat' dir='ltr'><strong>contraria</strong></span> <span class='ocrx_word' id='word_1_267' title='bbox 1074 3621 1235 3718; x_wconf 83' lang='lat' dir='ltr'><strong>renixui</strong></span> <span class='ocrx_word' id='word_1_268' title='bbox 1262 3622 1480 3734; x_wconf 82' lang='lat' dir='ltr'><strong>patientis,</strong></span> <span class='ocrx_word' id='word_1_269' title='bbox 1499 3625 1575 3736; x_wconf 89' lang='lat' dir='ltr'><strong>qui</strong></span> <span class='ocrx_word' id='word_1_270' title='bbox 1593 3623 1649 3708; x_wconf 91' lang='lat' dir='ltr'><strong>est</strong></span> <span class='ocrx_word' id='word_1_271' title='bbox 1677 3627 1762 3735; x_wconf 87' lang='lat' dir='ltr'><strong>ejus</strong></span> <span class='ocrx_word' id='word_1_272' title='bbox 1782 3621 1945 3714; x_wconf 70' lang='lat' dir='ltr'><strong>readio,</strong></span> 
     </span>
     <span class='ocr_line' id='line_1_28' title="bbox 421 3731 1947 3851; baseline 0 -39"><span class='ocrx_word' id='word_1_273' title='bbox 421 3735 521 3839; x_wconf 90' lang='lat' dir='ltr'><strong>quia</strong></span> <span class='ocrx_word' id='word_1_274' title='bbox 550 3737 620 3830; x_wconf 87' lang='lat' dir='ltr'><strong>hie</strong></span> <span class='ocrx_word' id='word_1_275' title='bbox 648 3739 813 3824; x_wconf 70' lang='lat' dir='ltr'><strong>reninus</strong></span> <span class='ocrx_word' id='word_1_276' title='bbox 833 3737 902 3823; x_wconf 79' lang='lat' dir='ltr'><strong>vel</strong></span> <span class='ocrx_word' id='word_1_277' title='bbox 919 3737 1008 3822; x_wconf 86' lang='lat' dir='ltr'><strong>haec</strong></span> <span class='ocrx_word' id='word_1_278' title='bbox 1027 3739 1093 3820; x_wconf 83' lang='lat' dir='ltr'><strong>vis</strong></span> <span class='ocrx_word' id='word_1_279' title='bbox 1111 3736 1266 3822; x_wconf 78' lang='lat' dir='ltr'><strong>inertiae</strong></span> <span class='ocrx_word' id='word_1_280' title='bbox 1283 3738 1468 3851; x_wconf 89' lang='lat' dir='ltr'><strong>corporis</strong></span> <span class='ocrx_word' id='word_1_281' title='bbox 1487 3738 1680 3851; x_wconf 85' lang='lat' dir='ltr'><strong>patientis</strong></span> <span class='ocrx_word' id='word_1_282' title='bbox 1707 3737 1826 3839; x_wconf 81' lang='lat' dir='ltr'><strong>debet</strong></span> <span class='ocrx_word' id='word_1_283' title='bbox 1853 3731 1947 3816; x_wconf 89' lang='lat' dir='ltr'><strong>tolli</strong></span> 
     </span>
     <span class='ocr_line' id='line_1_29' title="bbox 350 3843 1950 3966; baseline 0.002 -41"><span class='ocrx_word' id='word_1_284' title='bbox 350 3875 352 3879; x_wconf 63' lang='grc'>’</span> <span class='ocrx_word' id='word_1_285' title='bbox 420 3843 475 3926; x_wconf 91' lang='lat' dir='ltr'><strong>ad</strong></span> <span class='ocrx_word' id='word_1_286' title='bbox 495 3846 541 3929; x_wconf 90' lang='lat' dir='ltr'><strong>id</strong></span> <span class='ocrx_word' id='word_1_287' title='bbox 558 3871 606 3932; x_wconf 93' lang='lat' dir='ltr'><strong>ut</strong></span> <span class='ocrx_word' id='word_1_288' title='bbox 625 3881 774 3964; x_wconf 88' lang='lat' dir='ltr'><strong>corpus</strong></span> <span class='ocrx_word' id='word_1_289' title='bbox 793 3851 951 3938; x_wconf 91' lang='lat' dir='ltr'><strong>moveri</strong></span> <span class='ocrx_word' id='word_1_290' title='bbox 970 3849 1093 3966; x_wconf 85' lang='lat' dir='ltr'><strong>poffit</strong></span> <span class='ocrx_word' id='word_1_291' title='bbox 1113 3850 1163 3934; x_wconf 87' lang='lat' dir='ltr'><strong>ab</strong></span> <span class='ocrx_word' id='word_1_292' title='bbox 1180 3871 1337 3966; x_wconf 84' lang='lat' dir='ltr'><strong>agente.</strong></span> <span class='ocrx_word' id='word_1_293' title='bbox 1377 3849 1426 3936; x_wconf 93' lang='lat' dir='ltr'>N</span> <span class='ocrx_word' id='word_1_294' title='bbox 1428 3879 1483 3933; x_wconf 92' lang='lat' dir='ltr'><strong>on</strong></span> <span class='ocrx_word' id='word_1_295' title='bbox 1500 3871 1637 3936; x_wconf 90' lang='lat' dir='ltr'><strong>tamen</strong></span> <span class='ocrx_word' id='word_1_296' title='bbox 1656 3849 1753 3934; x_wconf 91' lang='lat' dir='ltr'><strong>ideo</strong></span> <span class='ocrx_word' id='word_1_297' title='bbox 1769 3847 1950 3960; x_wconf 89' lang='lat' dir='ltr'><strong>sequitur</strong></span> 
     </span>
     <span class='ocr_line' id='line_1_30' title="bbox 384 3958 1949 4077; baseline 0.001 -37"><span class='ocrx_word' id='word_1_298' title='bbox 384 4063 388 4070; x_wconf 27' lang='grc' dir='ltr'>Ι</span> <span class='ocrx_word' id='word_1_299' title='bbox 419 3961 505 4042; x_wconf 81' lang='lat' dir='ltr'><strong>vim</strong></span> <span class='ocrx_word' id='word_1_300' title='bbox 523 3958 677 4044; x_wconf 80' lang='lat' dir='ltr'><strong>totalem</strong></span> <span class='ocrx_word' id='word_1_301' title='bbox 697 3967 881 4074; x_wconf 89' lang='lat' dir='ltr'><strong>corporis</strong></span> <span class='ocrx_word' id='word_1_302' title='bbox 902 3967 1059 4077; x_wconf 86' lang='lat' dir='ltr'><strong>agentis</strong></span> <span class='ocrx_word' id='word_1_303' title='bbox 1080 3985 1211 4050; x_wconf 86' lang='lat' dir='ltr'><strong>totam</strong></span> <span class='ocrx_word' id='word_1_304' title='bbox 1229 3965 1418 4077; x_wconf 88' lang='lat' dir='ltr'><strong>impendi</strong></span> <span class='ocrx_word' id='word_1_305' title='bbox 1434 3963 1668 4077; x_wconf 76' lang='lat' dir='ltr'><strong>superanda</strong></span> <span class='ocrx_word' id='word_1_306' title='bbox 1686 3959 1864 4046; x_wconf 76' lang='lat' dir='ltr'><strong>restioni</strong></span> <span class='ocrx_word' id='word_1_307' title='bbox 1879 3989 1949 4072; x_wconf 85' lang='lat' dir='ltr'><strong>pa·</strong></span> 
     </span>
     <span class='ocr_line' id='line_1_31' title="bbox 420 4071 1953 4190; baseline 0.004 -40"><span class='ocrx_word' id='word_1_308' title='bbox 420 4073 583 4174; x_wconf 86' lang='lat' dir='ltr'><strong>tientis,</strong></span> <span class='ocrx_word' id='word_1_309' title='bbox 610 4071 681 4157; x_wconf 83' lang='lat' dir='ltr'><strong>sed</strong></span> <span class='ocrx_word' id='word_1_310' title='bbox 698 4075 785 4185; x_wconf 89' lang='lat' dir='ltr'><strong>ejus</strong></span> <span class='ocrx_word' id='word_1_311' title='bbox 803 4073 961 4186; x_wconf 77' lang='lat' dir='ltr'><strong>partem</strong></span> <span class='ocrx_word' id='word_1_312' title='bbox 988 4083 1179 4177; x_wconf 82' lang='lat' dir='ltr'><strong>tantum,¹</strong></span> <span class='ocrx_word' id='word_1_313' title='bbox 1202 4087 1243 4162; x_wconf 92' lang='lat'>&amp;</span> <span class='ocrx_word' id='word_1_314' title='bbox 1272 4079 1360 4162; x_wconf 81' lang='lat' dir='ltr'><strong>haec</strong></span> <span class='ocrx_word' id='word_1_315' title='bbox 1389 4105 1480 4190; x_wconf 87' lang='lat' dir='ltr'><strong>pars</strong></span> <span class='ocrx_word' id='word_1_316' title='bbox 1509 4081 1576 4163; x_wconf 79' lang='lat' dir='ltr'><strong>vis</strong></span> <span class='ocrx_word' id='word_1_317' title='bbox 1594 4072 1734 4160; x_wconf 66' lang='lat' dir='ltr'><strong>tdtalis</strong></span> <span class='ocrx_word' id='word_1_318' title='bbox 1754 4075 1953 4188; x_wconf 83' lang='lat' dir='ltr'><strong>corporis,</strong></span> 
     </span>
     <span class='ocr_line' id='line_1_32' title="bbox 420 4187 1952 4303; baseline 0.006 -41"><span class='ocrx_word' id='word_1_319' title='bbox 420 4207 512 4290; x_wconf 87' lang='lat' dir='ltr'><strong>quae</strong></span> <span class='ocrx_word' id='word_1_320' title='bbox 532 4187 724 4272; x_wconf 74' lang='lat' dir='ltr'><strong>tollendae</strong></span> <span class='ocrx_word' id='word_1_321' title='bbox 745 4187 971 4274; x_wconf 81' lang='lat' dir='ltr'><strong>resrstentiae</strong></span> <span class='ocrx_word' id='word_1_322' title='bbox 990 4191 1175 4300; x_wconf 87' lang='lat' dir='ltr'><strong>corporis</strong></span> <span class='ocrx_word' id='word_1_323' title='bbox 1194 4189 1386 4303; x_wconf 89' lang='lat' dir='ltr'><strong>patientis</strong></span> <span class='ocrx_word' id='word_1_324' title='bbox 1415 4191 1631 4276; x_wconf 87' lang='lat' dir='ltr'><strong>insumitur</strong></span> <span class='ocrx_word' id='word_1_325' title='bbox 1638 4219 1708 4290; x_wconf 85' lang='lat' dir='ltr'><strong>,ea</strong></span> <span class='ocrx_word' id='word_1_326' title='bbox 1733 4189 1797 4272; x_wconf 88' lang='lat' dir='ltr'><strong>est</strong></span> <span class='ocrx_word' id='word_1_327' title='bbox 1816 4189 1879 4273; x_wconf 84' lang='lat' dir='ltr'><strong>vis</strong></span> <span class='ocrx_word' id='word_1_328' title='bbox 1888 4187 1952 4286; x_wconf 58' lang='grc' dir='ltr'><strong>,τί</strong></span> 
     </span>
     <span class='ocr_line' id='line_1_33' title="bbox 323 4299 1953 4414; baseline 0.005 -39"><span class='ocrx_word' id='word_1_329' title='bbox 323 4403 326 4410; x_wconf 19' lang='lat'><strong>⁴</strong></span> <span class='ocrx_word' id='word_1_330' title='bbox 423 4319 507 4405; x_wconf 90' lang='lat' dir='ltr'><strong>qua</strong></span> <span class='ocrx_word' id='word_1_331' title='bbox 525 4299 631 4380; x_wconf 66' lang='lat' dir='ltr'><strong>aetio</strong></span> <span class='ocrx_word' id='word_1_332' title='bbox 649 4304 816 4414; x_wconf 91' lang='lat' dir='ltr'><strong>proprie</strong></span> <span class='ocrx_word' id='word_1_333' title='bbox 843 4324 978 4388; x_wconf 89' lang='lat' dir='ltr'><strong>manat</strong></span> <span class='ocrx_word' id='word_1_334' title='bbox 986 4349 999 4403; x_wconf 73' lang='lat'>3</span> <span class='ocrx_word' id='word_1_335' title='bbox 1026 4299 1215 4414; x_wconf 79' lang='lat' dir='ltr'><strong>restduum</strong></span> <span class='ocrx_word' id='word_1_336' title='bbox 1241 4304 1351 4386; x_wconf 87' lang='lat' dir='ltr'><strong>eninr</strong></span> <span class='ocrx_word' id='word_1_337' title='bbox 1381 4305 1560 4386; x_wconf 83' lang='lat' dir='ltr'><strong>e&#39;usdem</strong></span> <span class='ocrx_word' id='word_1_338' title='bbox 1592 4306 1654 4389; x_wconf 87' lang='lat' dir='ltr'><strong>vis</strong></span> <span class='ocrx_word' id='word_1_339' title='bbox 1683 4303 1953 4401; x_wconf 87' lang='lat' dir='ltr'><strong>totalis,cum</strong></span> 
     </span>
     <span class='ocr_line' id='line_1_34' title="bbox 422 4333 1955 4513; baseline 0.001 -23"><span class='ocrx_word' id='word_1_340' title='bbox 422 4407 579 4494; x_wconf 84' lang='lat' dir='ltr'><strong>nullam</strong></span> <span class='ocrx_word' id='word_1_341' title='bbox 599 4410 742 4496; x_wconf 84' lang='lat' dir='ltr'><strong>habeat</strong></span> <span class='ocrx_word' id='word_1_342' title='bbox 762 4415 1021 4500; x_wconf 86' lang='lat' dir='ltr'><strong>resrstentiam</strong></span> <span class='ocrx_word' id='word_1_343' title='bbox 1038 4417 1107 4502; x_wconf 85' lang='lat' dir='ltr'><strong>vel</strong></span> <span class='ocrx_word' id='word_1_344' title='bbox 1134 4419 1320 4500; x_wconf 87' lang='lat' dir='ltr'><strong>renixum</strong></span> <span class='ocrx_word' id='word_1_345' title='bbox 1340 4333 1659 4513; x_wconf 49' lang='lat' dir='ltr'><strong>ablorbendbm,</strong></span> <span class='ocrx_word' id='word_1_346' title='bbox 1687 4417 1731 4498; x_wconf 93' lang='lat' dir='ltr'><strong>in</strong></span> <span class='ocrx_word' id='word_1_347' title='bbox 1755 4417 1955 4498; x_wconf 69' lang='lat' dir='ltr'><strong>astionem</strong></span> 
     </span>
     <span class='ocr_line' id='line_1_35' title="bbox 421 4523 1957 4642; baseline 0 -36"><span class='ocrx_word' id='word_1_348' title='bbox 421 4523 591 4607; x_wconf 87' lang='lat' dir='ltr'><strong>minime</strong></span> <span class='ocrx_word' id='word_1_349' title='bbox 610 4523 761 4610; x_wconf 88' lang='lat' dir='ltr'><strong>influit.</strong></span> <span class='ocrx_word' id='word_1_350' title='bbox 800 4527 1079 4612; x_wconf 82' lang='lat' dir='ltr'><strong>Idcircocunr</strong></span> <span class='ocrx_word' id='word_1_351' title='bbox 1097 4529 1205 4612; x_wconf 69' lang='lat' dir='ltr'><strong>abbio</strong></span> <span class='ocrx_word' id='word_1_352' title='bbox 1224 4555 1485 4642; x_wconf 72' lang='lat' dir='ltr'><strong>quacunque.</strong></span> <span class='ocrx_word' id='word_1_353' title='bbox 1501 4528 1669 4638; x_wconf 80' lang='lat' dir='ltr'><strong>aequalis</strong></span> <span class='ocrx_word' id='word_1_354' title='bbox 1688 4535 1729 4610; x_wconf 68' lang='grc' dir='ltr'><strong>ὃν</strong></span> <span class='ocrx_word' id='word_1_355' title='bbox 1755 4527 1957 4626; x_wconf 85' lang='lat' dir='ltr'><strong>contraria</strong></span> 
     </span>
     <span class='ocr_line' id='line_1_36' title="bbox 423 4634 1958 4760; baseline 0.001 -41"><span class='ocrx_word' id='word_1_356' title='bbox 423 4634 578 4742; x_wconf 76' lang='lat' dir='ltr'><strong>dicitur</strong></span> <span class='ocrx_word' id='word_1_357' title='bbox 595 4637 791 4724; x_wconf 66' lang='lat' dir='ltr'><strong>readioni</strong></span> <span class='ocrx_word' id='word_1_358' title='bbox 809 4643 991 4752; x_wconf 89' lang='lat' dir='ltr'><strong>corporis</strong></span> <span class='ocrx_word' id='word_1_359' title='bbox 1011 4642 1231 4752; x_wconf 87' lang='lat' dir='ltr'><strong>patientis,</strong></span> <span class='ocrx_word' id='word_1_360' title='bbox 1257 4642 1338 4726; x_wconf 88' lang='lat' dir='ltr'><strong>hoc</strong></span> <span class='ocrx_word' id='word_1_361' title='bbox 1361 4641 1474 4726; x_wconf 88' lang='lat' dir='ltr'><strong>aliud</strong></span> <span class='ocrx_word' id='word_1_362' title='bbox 1492 4669 1576 4726; x_wconf 92' lang='lat' dir='ltr'><strong>non</strong></span> <span class='ocrx_word' id='word_1_363' title='bbox 1596 4639 1810 4760; x_wconf 74' lang='lat' dir='ltr'><strong>fignificat</strong></span> <span class='ocrx_word' id='word_1_364' title='bbox 1839 4665 1958 4752; x_wconf 88' lang='lat' dir='ltr'><strong>quam</strong></span> 
     </span>
    </p>
   </div>
   <div class='ocr_carea' id='block_1_4' title="bbox 1840 4751 1960 4848">
    <p class='ocr_par' dir='ltr' id='par_1_4' title="bbox 1840 4751 1960 4848">
     <span class='ocr_line' id='line_1_37' title="bbox 1840 4751 1960 4848; baseline -0.05 -8"><span class='ocrx_word' id='word_1_365' title='bbox 1840 4751 1960 4848; x_wconf 82' lang='lat' dir='ltr'><strong>istud,</strong></span> 
     </span>
    </p>
   </div>
   <div class='ocr_carea' id='block_1_5' title="bbox 0 0 2089 5412">
    <p class='ocr_par' dir='ltr' id='par_1_5' title="bbox 0 0 2089 5412">
     <span class='ocr_line' id='line_1_38' title="bbox 0 0 2089 5412; baseline 0 0"><span class='ocrx_word' id='word_1_366' title='bbox 0 0 2089 5412; x_wconf 95' lang='lat' dir='ltr'><strong> </strong></span> 
     </span>
    </p>
   </div>
  </div>
 </body>
</html>
