4188 5414
390 335 441 424 52
498 304 961 395 D1V1111us11
989 295 1266 384 Morrnut
1297 234 1810 384 Con-ronulalnl.
1891 279 1902 294 ⁰

918 561 921 568 =
1054 501 1203 608 ⁸111.

448 683 535 766 116.
565 677 867 764 Solicitationes
887 679 1112 762 continuari
1133 675 1201 761 vel
1220 679 1412 762 continue
1441 671 1585 758 mobili
1614 671 1823 784 applicari·
1844 671 1910 756 di·
1935 705 1940 711 ·

389 813 557 891 cuntur,
586 820 679 876 cum
700 819 847 902 eorpus
871 794 913 873 in
935 791 1099 904 singulis
1121 790 1243 902 spatii
1265 789 1526 902 percurrendi
1545 783 1802 979 ιΡιιιῐιίὶίευειά
1821 813 1911 868 mo-

257 931 258 942 *
388 924 476 988 tum
495 935 629 990 recens
652 905 801 988 citatur
808 903 901 1004 ,seu
911 961 925 1004 ,
937 903 1052 1016 quod
1069 904 1181 988 idem
1201 901 1258 986 est
1268 905 1316 1001 ,l
1336 902 1512 1014 quadam
1562 897 1817 982 olicitatrone
1844 925 1912 982 ur-

388 1039 518 1129 getur.

1106 1127 1216 1214 IV.v
1323 1153 1349 1161 ··

368 1357 371 1362 .
446 1291 535 1376 117.
565 1266 678 1352 Scala
696 1263 993 1392 solicitationunr
1020 1265 1242 1356 centraliam
1270 1267 1337 1354 seu
1361 1257 1583 1385 gravitatis
1602 1266 1807 1354 variabilis
1829 1287 1907 1384 ¹ap-

386 1380 563 1490 pellatur
582 1379 775 1490 quaelibet
795 1377 901 1462 linea
921 1409 1044 1466 curva
1054 1379 1319 1494 ,adaliqufem
1339 1412 1456 1466 axem
1475 1413 1549 1495 per
1568 1393 1751 1466 centrum
1774 1380 1910 1466 solici-

386 1492 588 1574 tationum
609 1512 879 1574 transeuntem
900 1489 1023 1576 relata
1033 1552 1048 1594 ,
1075 1498 1187 1606 cujus
1207 1497 1402 1578 ordinata
1423 1499 1492 1580 axi
1523 1491 1640 1580 ieuae
1667 1491 1908 1577 solicitatio-

373 1597 456 1686 ¹nes
475 1624 710 1714 exponunt,
722 1603 870 1714 quibus
890 1603 1039 1688 mobile
1055 1602 1101 1686 'in
1119 1605 1202 1688 illis
1220 1598 1306 1706 a'xis
1328 1607 1490 1720 punitis
1499 1636 1596 1720 ,per
1608 1631 1699 1718 quae
1710 1607 1907 1690 ordinatae

370 1711 518 1814 [duda
537 1716 651 1818 sunt,
679 1713 813 1800 ‘versus
836 1737 1018 1800 centrum
1039 1711 1228 1830 urgetur,
1254 1714 1460 1806 fiscilicet
1492 1748 1639 1834 corpus
1670 1718 1714 1802 in
1745 1721 1822 1802 axe
1846 1717 1906 1802 fe·

312 1828 319 1842 '
370 1829 525 1936 ratur,¹
546 1829 638 1925 vel,
657 1823 687 1908 fi
708 1826 839 1938 ipsum
860 1827 903 1908 in
923 1856 1048 1912 curva
1066 1831 1205 1942 aliqua
1223 1829 1462 1934 incedat,in
1481 1831 1563 1916 illis
1581 1860 1715 1928 curvae
1729 1831 1915 1942 pundis,

385 1967 478 2050 quae
498 1969 592 2026 cum
609 1939 771 2050 puniris
791 1941 833 2019 in
853 1965 951 2035 axe,
979 1967 1052 2052 per
1072 1971 1164 2054 quae
1184 1946 1379 2030 ordinata
1398 1966 1607 2034 transeunt
1614 1947 1666 2044 ,d
1684 1965 1826 2030 centro
1845 1943 1907 2028 so·

373 2051 659 2176 'licitationum
677 2049 974 2162 aequedistant:
1180 2069 1185 2080 “
1694 2053 1758 2102 ’·“

445 2359 535 2460 η8.
564 2353 773 2439 Solicitatio
803 2352 1014 2464 gravitatis
1045 2355 1287 2468 tangentialis
1311 2378 1481 2441 vocatur
1507 2359 1699 2469 quaelibet
1727 2349 1904 2444 solie-iu-

386 2465 511 2549 tioex
523 2467 691 2550 centrali
711 2465 1007 2576 derivata,qua
1024 2468 1188 2566 mobile,
1201 2471 1247 2566 in¹
1265 2472 1446 2579 qualibet
1466 2499 1590 2555 curva
1611 2473 1805 2572 delatum,
1810 2477 1903 2586 jux·

388 2597 431 2660 ta
448 2579 712 2664 duellionem
730 2581 932 2690 tangentis
954 2606 1087 2664 curvae
1106 2577 1343 2666 solicitatur.

446 2941 537 3026 119.
567 2911 783 3000 Solicitatio-
796 2913 1007 3027 gravitatis
1027 2939 1167 2997 eurr-re·
1181 2913 1324 2996 mobili
1347 2907 1615 2998 describendae
1627 2910 1908 3028 'ptrpendicula-

342 3048 345 3057 '
389 3028 535 3126 ris,est
554 3057 600 3108 ea
610 3053 726 3135 ,quae
746 3053 797 3110 ex
810 3029 978 3110 centrali
999 3026 1205 3110 derivatur
1216 3030 1436 3136 ,cujusque
1454 3029 1624 3111 direuio
1643 3028 1795 3136 ubique
1815 3051 1906 3106 cur·

296 3233 301 3242 ,
389 3165 454 3219 vae
485 3138 827 3246 perpendicularis
857 3135 925 3220 est.
982 3137 1087 3219 Haec
1117 3137 1337 3222 solicitatio
1368 3138 1711 3251 perpendflaris
1740 3137 1908 3220 conatui

344 3289 348 3298 ·
378 3248 553 3352 mobilis
575 3249 839 3346 idirestione
855 3250 1058 3362 tangentis
1080 3251 1263 3332 recedere
1283 3251 1448 3333 nitentis
1470 3253 1623 3360 ubique
1642 3249 1809 3360 aqualis
1828 3247 1911 3346 est,
1967 3331 1974 3340 ,

390 3359 549 3488 alioqui
569 3387 716 3472 corpus
736 3389 817 3448 non
836 3382 1066 3442 moveretur
1082 3361 1126 3441 in
1145 3389 1291 3458 curva,
1314 3389 1437 3473 quam
1468 3362 1689 3447 describere
1717 3362 1909 3474 ponitur,

390 3492 565 3571 etenim,
585 3473 615 3555 st
637 3477 713 3556 hac
733 3474 777 3556 vi
796 3468 1123 3584 perpendiculari
1140 3496 1309 3556 conatus
1332 3479 1355 3558 al
1374 3501 1498 3558 curva
1524 3473 1755 3558 recellorius
1784 3477 1930 3584 major·

370 3584 488 3668 effet
498 3643 512 3684 ,
524 3587 675 3669 mobile
695 3611 835 3670 revera
852 3587 876 3667 ὲ
893 3607 1017 3668 curva
1036 3587 1239 3669 recederet
1250 3644 1265 3684 ,
1278 3643 1280 3651 «
1291 3588 1493 3670 recederet
1514 3587 1658 3669 itidem
1680 3586 1913 3680 accedendo

307 3797 309 3800 Ι
391 3701 520 3809 magis
540 3715 664 3808 quam
685 3725 757 3807 par
778 3698 834 3781 est
854 3699 907 3782 ad
927 3719 1110 3782 centrum
1129 3695 1470 3796 solicitationum,
1492 3697 1521 3780 st
1542 3700 1674 3781 minor
1701 3695 1915 3796 existeret,

391 3829 613 3920 utrumque
633 3832 774 3892 contra
794 3807 1049 3936 hypothesin.
1088 3809 1221 3922 Igitur
1239 3833 1285 3893 ut
1305 3831 1471 3911 conatus
1493 3809 1723 3895 recell‘orius
1747 3809 1916 3893 icurva

391 3922 630 4004 retundatur
661 3928 712 4020 ὃς,
733 3923 889 4003 inutilis
908 3923 1125 4022 reddatur,
1144 3941 1296 4005 tantam
1325 3921 1637 4006 solicitationem
1658 3931 1915 4004 co'e'rcentem
1937 3977 1942 3985 -

393 4033 537 4116 mobili
552 4032 751 4162 'applicari
771 4050 956 4144 oportet,
979 4055 1153 4143 quantus
1173 4033 1230 4117 est
1256 4055 1423 4119 conatus
1443 4033 1727 4133 destruendus,
1740 4033 1843 4114 adeo
1868 4053 1916 4116 ut

365 4178 375 4255 j
391 4147 593 4256 ejusmodi
623 4165 790 4228 conatus
832 4151 872 4228 sc
892 4143 1134 4243 solicitatio,
1150 4150 1268 4255 juxta
1296 4149 1464 4230 eandem
1493 4149 1757 4232 direclionem
1779 4165 1914 4228 curvae

366 4293 375 4302 ·
394 4257 795 4368 perpendicularem,
817 4253 946 4340 sedin
967 4259 1171 4371 oppositas
1186 4279 1327 4368 *partes
1346 4279 1509 4369 agentes
1528 4261 1570 4342 in
1593 4257 1824 4367 aetp'uilibrio
1843 4257 1913 4340 de-

369 4417 374 4428 ι
393 4369 598 4452 tineantur
615 4371 971 4482 impedianturque
990 4371 1208 4480 quominus
1223 4369 1416 4452 alterutra
1439 4371 1646 4480 ejusmodi
1673 4369 1914 4454 solicitatio-

394 4511 491 4566 num
509 4481 628 4594 super
647 4483 812 4566 alteram
832 4481 1022 4594 offellum
1043 4483 1220 4590 aliquem
1241 4479 1453 4582 sortiatur,
1482 4505 1606 4596 atque
1624 4483 1729 4568 adeo
1761 4479 1914 4566 mobile
1961 4517 1975 4543 ·

306 4643 311 4656 ·
368 4622 584 4697 ·curvam,
611 4596 655 4678 in
674 4621 755 4709 qua
775 4596 961 4680 incedere
980 4593 1124 4691 debet,
1140 4589 1316 4678 deserat.
1579 4605 1584 4623 ’

1051 4780 1114 4876 ·2'’
1219 4773 1223 4778 ’
1698 4751 1915 4907 ¹vir.
