4188 5414
222 381 227 388 .
274 299 354 408 Da
385 299 647 390 Vintur
678 279 1059 390 rr'Momus
1090 293 1608 404 Communes
1648 320 1743 411 53.

680 527 682 533 ’
837 537 840 544 ’
889 522 1009 610 VII.

241 650 329 746 1'20.
359 664 473 750 Scala
491 661 809 746 solicitationum
820 659 1112 774 tangentialr'um
1120 658 1176 744 est
1185 687 1309 748 curva
1318 659 1511 771 quelibet
1521 661 1575 745 ad
1585 686 1703 746 axem

176 799 253 888 per
283 797 467 859 centrum
499 775 816 867 solicitationum
847 775 1099 857 centraliumv
1115 794 1391 872 transeuntem
1415 774 1562 874 relata,
1590 776 1702 881 cujus

177 886 377 971 ordinata
404 887 694 970 solicitationes
723 886 988 998 tangentiales
1016 905 1229 997 exponunt
1256 889 1300 968 in
1327 913 1461 970 curvae
1474 883 1704 998 'punstima

145 1057 152 1066 -
178 1017 323 1088 centro
340 998 658 1082 solicitationum
679 1001 918 1082 tantundem
939 998 1200 1096 distantibus,
1227 1025 1274 1082 ac
1293 999 1500 1082 ordinatae.
1794 997 1798 1014 ⁸

242 1133 331 1192 121.
361 1113 395 1195 F
398 1109 703 1193 eraturmobile
722 1111 773 1192 M
794 1113 837 1192 in
855 1139 981 1194 curva
1001 1108 1149 1194 MON
1160 1167 1174 1208 ,
1201 1109 1455 1221 alterumque
1475 1107 1515 1189 A
1535 1110 1580 1200 in
1597 1107 1705 1192 resta
1735 1115 1851 1196 finan

179 1217 263 1300 AD
283 1251 355 1333 per
373 1243 556 1306 centrum
580 1223 636 1318 D,
648 1224 700 1305 ad
720 1223 835 1332 quod
856 1221 1146 1306 solicitationes
1175 1223 1384 1334 gravitatis
1417 1219 1610 1305 centralcs
1641 1220 1704 1300 di·

81 1412 85 1418 .
179 1333 402 1442 riguntur,
429 1355 554 1445 atque
583 1333 735 1429 mobile
754 1335 805 1416 M
834 1335 888 1416 ad
908 1336 1123 1446 quodlibet
1141 1361 1275 1416 curvae
1297 1336 1494 1443 punslum
1518 1332 1564 1416 N
1595 1331 1718 1414 dela·'
1757 1431 1759 1435 Α
1885 1368 1888 1373 ·

150 1547 152 1550 ¹
181 1465 272 1526 tum
290 1468 481 1560 urgeatur
501 1427 636 1529 versu
661 1446 703 1528 D
723 1443 996 1529 solicitatione
1015 1445 1183 1530 centrali
1207 1445 1252 1528 N
1255 1480 1277 1526 a
1296 1502 1310 1544 ‚
1338 1453 1379 1526 bc
1404 1441 1707 1527 haccademso-

180 1555 410 1642 licitatione
429 1579 619 1672 urgeatur
637 1559 761 1641 etiam
779 1559 931 1642 mobile
959 1559 998 1640 A
1030 1559 1210 1642 delatum
1238 1557 1281 1637 in
1312 1557 1508 1666 pundum
1531 1553 1566 1636 E
1590 1555 1707 1638 restae

182 1669 292 1769 AD,
312 1673 428 1782 quod
446 1671 652 1784 pandum
673 1668 709 1750 E
728 1691 887 1752 tantum
907 1669 1028 1754 distet
1047 1672 1240 1754 accurro
1262 1668 1329 1764 D,
1351 1691 1549 1778 quantum
1571 1692 1708 1750 curvae

180 1785 381 1892 pandum
403 1782 477 1882 N,
504 1784 607 1866 adeo
624 1802 671 1865 ut
690 1784 809 1864 ambo
832 1785 982 1894 punbla
1000 1780 1046 1864 N
1070 1787 1127 1864 ·&·
1144 1779 1179 1862 E
1212 1780 1463 1892 reperiantur
1483 1779 1639 1887 ubique¹
1662 1779 1707 1860 in

9 1895 14 1906 ’
178 1893 325 2004 aliquo
345 1923 441 1978 arcu
460 1895 646 1980 circulari
668 1892 754 1976 EN
784 1917 925 1978 centro
946 1896 987 1975 D
1017 1891 1247 2004 descripto,
1275 1893 1491 2004 dudlisque
1523 1917 1597 1999 per
1628 1889 1704 1972 sm·

180 2006 280 2118 gula
299 2007 450 2120 ponda
467 2010 554 2090 axis
577 2007 636 2106 E,
664 2005 1065 2119 perpendicularibus
1089 2003 1161 2090 ΕΒ
1186 2003 1266 2115 'ipsi
1296 2004 1379 2087 AD
1412 2013 1452 2098 ὅτ
1483 2001 1706 2112 :equalibus

180 2118 336 2229 ubique
364 2119 596 2232 homologis
630 2121 746 2206 lineis
768 2119 813 2204 N
818 2155 872 2220 a,
908 2147 981 2232 per
1011 2117 1256 2226 singularum
1275 2117 1425 2226 ponda
1451 2111 1487 2198 B
1518 2116 1706 2198 transibit
1820 2207 1824 2214 ¹

183 2243 310 2315 curva
328 2235 464 2330 ABC,
476 2261 568 2343 quae
587 2254 757 2330 vocatur
776 2231 881 2316 scala
900 2230 1217 2318 solicitatiouum
1239 2228 1707 2336 centralium‚quoniam

184 2345 378 2452 qualibet
407 2349 490 2456 ejus
522 2346 708 2452 ordinata
725 2343 797 2430 BE
816 2344 1047 2456 respectiva
1078 2340 1126 2424 N
1128 2378 1148 2422 a
1170 2341 1419 2452 (secundine
1436 2337 1706 2452 hypothesrn)

185 2456 351 2652 {pgalis
371 2455 956 2655 natrraepsergpaksolicitatissnem
978 2455 1197 2660 ciliiidllb
1217 2455 1260 2534 in
1277 2457 1393 2650 rpite
1404 2452 1486 2594 3³¹)
1509 2459 1549 2534 δι
1570 2479 1706 2646 pultuna
1887 2507 1891 2514 -

333 2597 389 2652 un
431 2597 464 2654 rs
672 2591 813 2654 centro
895 2598 927 2652 τε
946 2597 1004 2660 ,ιιι
1084 2595 1169 2648 an1
1197 2593 1255 2650 us.
1328 2595 1446 2662 orro,
1487 2589 1566 2646 ura·
1588 2591 1707 2646 orci·
1844 2617 1850 2632 ,

187 2683 291 2778 tatio
302 2597 497 2766 Isantralis
518 2685 564 2768 N
568 2719 587 2762 a
607 2681 855 2794 in'quolibet
876 2597 1010 2766 cusvae
1030 2681 1128 2764 ΜΟ
1149 2679 1304 2792 pundo
1323 2678 1371 2764 N
1395 2591 1642 2792 (§.q39.4o.)
1655 2705 1707 2758 τε·

185 2794 392 2904 quipollet
412 2794 639 2886 lateralibus
663 2795 733 2882 Νβ
754 2803 795 2878 &
815 2813 855 2884 βα
865 2851 879 2892 ,
908 2823 1079 2907 quarum
1097 2793 1184 2876 haec
1215 2793 1263 2878 fit
1295 2793 1339 2874 in
1368 2789 1591 2880 ditastione
1619 2809 1708 2870 tan·

187 2901 324 3016 gentis
341 2934 474 2990 curvae
496 2907 542 2990 N
547 2936 599 3018 q,
626 2909 832 3014 alteraque
862 2908 995 2990 eidem
1025 2904 1370 3015 perpendicularis
1391 2921 1456 2998 aa,
1484 2927 1557 3016 per
1577 2895 1617 2996 se
1635 2924 1715 3006 pa-,

184 3037 246 3101 tet
256 3018 367 3102 illam
378 3017 560 3116 ,scilicet
580 3017 626 3100 N
628 3037 648 3108 β
669 3075 683 3116 ,
709 3017 933 3102 vocandam
941 3015 1020 3097 esse
1036 3014 1349 3096 solicitationem
1358 3005 1647 3122 tangentialem
1656 3034 1708 3092 ex

186 3131 356 3216 centrali
373 3129 421 3217 N
424 3168 444 3210 a
464 3131 687 3222 derivatam
699 3177 711 3230 3
725 3125 976 3242 proptereali
994 3128 1037 3210 in
1049 3124 1231 3236 qualibet
1247 3125 1433 3220 ordinata
1452 3115 1524 3208 BE
1545 3117 1709 3244 respons

185 3243 302 3326 denti
324 3247 475 3355 cuique
495 3241 565 3334 Na
585 3301 600 3341 ,
626 3244 803 3326 sumatur
824 3239 1022 3330 8133st
1042 3295 1056 3338 ,
1084 3247 1124 3322 &
1145 3237 1255 3322 idem
1273 3235 1424 3320 fastum
1454 3231 1708 3344 intelligatur
1736 3267 1741 3274 ·
1789 3317 1793 3326 ,

185 3355 371 3464 respestu
391 3357 573 3440 omnium
593 3356 842 3466 reliquorum
863 3381 997 3439 curvae
1026 3348 1176 3440 MON
1206 3349 1472 3460 punstorum,
1500 3343 1709 3431 resultabit

186 3467 288 3550 inde
307 3492 430 3550 curva·
449 3465 679 3576 RSC,quae
700 3469 807 3552 scala
824 3464 1142 3549 solicitat-ionum
1162 3461 1471 3574 tangentialium
1482 3455 1644 3536 mobilis
1656 3456 1708 3536 M

189 3578 236 3663 in
256 3606 381 3666 curva
399 3579 545 3664 MON
570 3581 697 3664 audit.
727 3577 959 3667 Solicitatio
980 3575 1386 3685 perpendicularem
1415 3567 1567 3691 nullam
1588 3566 1708 3648 habet

187 3688 336 3774 scalam
345 3691 435 3789 ‚vel
445 3690 583 3778 saltem
602 3693 714 3776 nulla
734 3691 985 3801 indigemus,
997 3685 1334 3796 quandoquidem
1354 3680 1396 3760 in
1414 3676 1583 3796 singulm
1605 3703 1709 3786 pun-

192 3803 268 3884 &is
289 3803 531 3888 destruendo
548 3805 713 3888 conatui
731 3801 941 3886 recellorio
960 3797 1124 3884 mobilis
1148 3797 1198 3882 M
1220 3796 1242 3876 l
1263 3821 1387 3886 curva
1417 3789 1479 3900 (§.
1498 3791 1613 3916 up)
1637 3789 1708 3874 ad·
1838 3849 1841 3853 -

187 3915 374 4017 hibetur,
400 3943 474 4002 nec
493 3917 667 4030 proinde
687 3915 765 4000 alia
783 3913 856 4000 sub
873 3915 1028 3997 ratione
1048 3911 1091 3994 in
1109 3907 1469 3998 considerationem
1488 3922 1614 4018 vemt.

882 4099 1034 4192 Vlll.

256 4271 343 4328 122.
372 4247 579 4359 Quoniam
599 4241 887 4340 solicitationes
905 4241 1099 4328 centrales
1130 4239 1203 4323 BE
1233 4263 1349 4348 aeque
1378 4265 1424 4320 ac
1443 4231 1708 4346 tangentiales

195 4353 262 4438 SE
284 4359 571 4440 continuantur
581 4379 728 4468 ,atque
746 4359 790 4436 in
810 4353 952 4436 mobili
975 4353 1166 4434 continue
1183 4351 1432 4460 replicantur
1448 4344 1595 4454 effestu
1607 4373 1708 4454 prae·

195 4469 428 4550 cedentium
446 4471 488 4550 in
509 4469 813 4554 succedentibus
834 4494 916 4572 non
933 4463 1111 4560 sublato,
1131 4459 1466 4572 quandoquidem
1486 4487 1558 4568 per
1574 4455 1707 4562 singu-

193 4577 236 4660 la
255 4581 370 4664 restae
386 4581 474 4666 ,AD
492 4583 643 4690 ponda
663 4584 857 4666 ordinatae
876 4576 1075 4690 ejusmodi
1091 4573 1166 4694 ῌΕ
1185 4593 1390 4661 transeunt
1412 4603 1420 4654 :
1458 4565 1609 4652 necesse
1627 4562 1683 4687 est
1693 4617 1707 4659 ,

193 4711 243 4774 ut
260 4693 311 4777 ab
329 4691 563 4806 hujusmodi
583 4691 919 4776 solicitationibus
919 4688 1204 4886 gudesrnenter
1234 4682 1440 4800 replicatis
1467 4695 1710 4790 proveniant

987 4829 1007 4914 3
1331 4861 1336 4870 .
1639 4815 1715 4872 mo·
