4054 5418
263 3229 268 3240 '
363 3249 605 3338 proponere.
641 3229 812 3314 Illorum
831 3234 1009 3317 inventis
1029 3231 1225 3316 nonnulla
1240 3232 1408 3344 propria
1423 3233 1589 3334 addam,
1598 3255 1715 3346 atque

366 265 848 381 rjssDn'Vrnrrus
879 287 949 348 rr
977 235 1840 350 morriusc'onownnmn.

362 431 499 489 carens
508 399 630 517 'apud
645 403 837 504 tellurem
855 400 1029 486 nostram
1049 425 1132 483 non
1159 399 1271 499 dari,
1297 398 1369 486 sed
1399 401 1517 513 quod
1546 429 1630 486 non
1659 403 1754 487 satis
1776 407 1909 492 vide-
2018 419 2019 490 Γ

362 537 476 616 rent,
503 545 589 628 quo
608 517 731 629 paeto
749 513 976 600 resistentia
996 515 1228 628 geometriae
1253 511 1412 626 legibus
1441 513 1599 629 pollent
1617 516 1777 628 subjici.
1831 523 1905 607 Ab
2018 515 2019 524 ‘

358 629 429 712 bis
447 657 546 742 ergo
562 631 792 716 relistentiis
813 631 939 712 medii
948 651 1064 712 tanto
1073 627 1265 712 libentius
1275 629 1455 712 animum
1465 629 1763 729 abstraxerunt,
1776 637 1902 744 quod

363 742 638 844 existimarent
659 772 741 854 non
762 741 836 826 nisi
852 771 928 856 per
954 743 1126 854 exiguos
1152 769 1218 845 eas
1240 741 1396 826 errores
1425 744 1583 854 vixque
1595 741 1784 852 ,sensibus
1804 777 1904 860 per.

364 857 580 966 reptibiles
598 857 1002 942 determinationibus
1028 856 1134 953 luis„
1153 851 1502 970 exfirppolltione
1526 859 1671 958 vacui,
1699 859 1905 946 inducere

351 969 488 1080 polle.
518 971 630 1055 Inter
648 973 889 1058 recentiores
909 973 1009 1054 verb
1030 967 1176 1051 summi
1194 970 1352 1080 quique
1370 992 1585 1084 geometrae
1602 971 1801 1084 praeclara
1809 973 1897 1059 Ga·

364 1083 462 1165 lilaei
476 1107 639 1195 reperta
668 1085 777 1170 circa
803 1107 938 1168 motus
969 1083 1195 1167 doetrinam
1227 1079 1438 1193 perfecrffe
1458 1089 1498 1164 &
1517 1086 1665 1167 mirum
1693 1109 1902 1195 quantum
2019 1161 2020 1198 7

362 1196 630 1307 amplificasse
648 1227 730 1282 non
749 1199 955 1293 contenti,
982 1194 1195 1280 difficilem
1215 1197 1464 1278 demotibus
1483 1197 1526 1279 in
1548 1197 1696 1280 mediis
1715 1199 1902 1284 relist'en-
2019 1199 2020 1280 ³

347 1305 474 1392 ¹tibus
490 1314 699 1394 materiam
718 1313 773 1396 ad
791 1312 1037 1425 geometria,
1046 1309 1116 1394 sed
1124 1307 1423 1407 reconditioris,
1433 1337 1614 1394 normam
1631 1313 1701 1393 cxi
1731 1311 1893 1397 erefor-
2019 1319 2020 1322 ‘

352 1441 513 1506 ..tunato
530 1422 708 1508 succeffu
728 1422 898 1539 aggrelli
919 1425 1024 1507 &in
1043 1405 1227 1536 regiones
1236 1449 1319 1502 non
1327 1443 1443 1504 antea
1452 1424 1637 1535 cognitas
1648 1339 1781 1508 delati
1789 1425 1896 1511 sunt.

354 1531 525 1619 ,Extant
545 1538 653 1620 enim
672 1539 824 1622 eximia
844 1539 919 1620 hac
942 1537 1055 1620 dere
1076 1537 1273 1622 Virorum
1293 1535 1660 1618 Celeberrimorum
1674 1539 1894 1640 Nemori,

360 1645 760 1764 .Lribnitii2,Hrtgenii
780 1659 821 1734 &
844 1647 1007 1760 Wallifir'
1020 1649 1221 1732 meditata
1237 1667 1332 1730 ante
1350 1647 1580 1760 complures
1598 1677 1725 1734 annos
1745 1657 1892 1766 partim

366 1757 456 1844 sano
465 1763 873 1846 demonstrationibus
901 1765 1036 1858 edita,
1056 1771 1096 1845 &
1119 1761 1294 1845 breviter
1322 1781 1482 1845 tantum
1512 1761 1717 1864 indicata,
1746 1769 1894 1878 partim

346 1875 489 1957 :tetiam
508 1876 1117 1971 demonstrationibusmunita„
1156 1873 1227 1958 sed
1253 1875 1541 1984 perbrevibus,
1568 1902 1643 1958 nec
1665 1877 1764 1960 idcd
1779 1873 1896 1994 'tyro-

354 2013 466 2071 „num
484 1991 625 2104 captui
641 1991 735 2074 satis
752 1990 1075 2074 accommodatis
1085 1987 1182 2087 ,nisi
1200 1985 1256 2070 W
1262 1985 1434 2071 allilium
1453 1989 1638 2100 excipias
1648 1993 1750 2100 ,qui
1771 1993 1896 2078 insuo
1920 2005 1932 2032 ⁶

360 2097 657 2196 schediasmate
672 2103 791 2216 super
811 2105 887 2188 hac
908 2131 949 2185 re
969 2105 1107 2186 omnia
1126 2100 1317 2184 minutim
1342 2103 1540 2214 exponit,
1567 2100 1638 2186 sed
1665 2124 1826 2190 tantum
1849 2109 1892 2193 in
2020 2151 2021 2160 ι

363 2212 583 2328 ltypotbesr
594 2218 841 2328 particulari
860 2213 1361 2318 substititrresrstentiarum
1381 2217 1425 2296 in
1453 2216 1611 2298 ratione
1639 2217 1891 2304 celeritatum
2020 2269 2021 2336 l

354 2331 605 2438 corporibus
622 2353 819 2410 remoram
837 2329 1105 2412 afferentium.
1146 2325 1248 2410 :Post
1267 2326 1454 2412 laudatos
1470 2328 1581 2411 viros
1605 2325 1672 2412 Cl.
1697 2335 1895 2444 Vmgnon
2020 2345 2021 2350 '

348 2434 475 2520 idem
496 2459 778 2552 argumentum
800 2439 908 2538 fuse,
934 2441 1215 2550 doele,atque
1231 2436 1445 2550 perspicue
1468 2440 1687 2552 pertrabat
1707 2444 1749 2523 in
1769 2447 1886 2530 Auis

367 2545 562 2636 Academ.
577 2555 683 2666 neg.
699 2552 829 2636 Paris.
853 2553 1004 2638 Scient.
1025 2579 1222 2636 annorum
1246 2575 1377 2660 1707,
1409 2559 1539 2662 1708,
1571 2577 1678 2666 1709
1698 2562 1738 2638 bt
1763 2582 1885 2667 ι7ιο.

359 2661 754 2752 .αᾶεὸ,ιιε.ίοειιῑιιτίε
765 2667 1072 2752 Mathematicis
1090 2667 1221 2748 otium
1240 2666 1317 2750 hac
1337 2663 1583 2751 intefecissb
1601 2667 1894 2771 videatu13ve÷

348 2775 580 2888 .1tbm,q.uir
591 2779 685 2866 lraec
705 2781 873 2864 materia
891 2800 976 2862 tam
994 2779 1148 2864 direele
1164 2780 1218 2862 ad
1234 2777 1466 2864 institutum
1488 2779 1668 2864 nostrum
1745 2787 1891 2884 rtirret,

205 2949 214 2968 .
357 2908 412 2970 ut
431 2887 462 2972 sr
480 2893 534 2980 de
547 2922 612 2978 ea
640 2919 758 3006 agere
786 2893 1041 2992 omitterem,
1058 2919 1120 2976 ex
1138 2995 1142 3004 .
1145 2891 1369 3004 praecipuis
1396 2891 1560 3004 aliquid
1585 2923 1613 2976 o
1691 2897 1785 2980 culo
1798 2883 1893 2982 ineo

346 3001 496 3086 ..deell'e
524 3029 735 3116 putarem,
762 3007 859 3090 ided
888 3035 971 3089 non
997 3005 1229 3090 denettabo
1257 3004 1349 3118 post
1377 3026 1442 3088 tot
1467 3007 1685 3116 preclaros
1712 3009 1891 3096 Autores

363 3115 490 3197 etiam
510 3117 615 3202 hanc
632 3120 1083 3230 doetrinam,quantum
1094 3139 1240 3230 potero
1259 3119 1436 3203 breviter
1455 3119 1572 3203 srmul
1600 3129 1643 3204 &
1660 3119 1890 3320 perspicui,
2021 3135 2022 3224 l

1752 3263 1811 3320 nn
1873 3287 1891 3302 -

350 3339 407 3420 „ci
425 3341 635 3454 principio
642 3341 833 3442 insistam,
844 3345 912 3429 cui
921 3343 1047 3428 ferme
1064 3345 1216 3445 omnia,
1226 3369 1318 3454 quae
1339 3346 1392 3428 ad
1409 3367 1574 3430 motum·
1588 3345 1785 3432 astualem
1805 3267 1890 3435 dor·

279 3467 286 3480 '
362 3477 513 3563 porum
532 3456 729 3554 attiucm,
755 3454 1001 3568 superstruxi
1010 3515 1024 3556 ,
1046 3457 1204 3566 scilicet
1221 3471 1447 3542 momentum
1466 3461 1666 3576 rry'uslr'bet
1673 3456 1895 3574 solicitatu-

366 3569 425 3646 m's
441 3565 683 3677 radesmenter
700 3575 847 3685 agentis
864 3571 1295 3686 aeqaivalereffiomentr
1314 3569 1527 3656 celeritatis.
1565 3577 1666 3685 Qro
1683 3575 1885 3686 principio

365 3701 486 3762 nemo
503 3709 555 3765 ex
588 3684 866 3876 laudptiffimis
896 3686 995 3768 viris
1015 3685 1183 3769 usus'est
1204 3687 1248 3767 in
1265 3684 1450 3768 dollrina
1467 3708 1655 3770 motuum
1676 3713 1889 3798 corporum

315 3893 319 3904 ι
366 3783 410 3865 in
430 3795 574 3876 mediis
596 3796 666 3881 resr
703 3799 862 3882 entibus
879 3796 1080 3899 latorum,
1104 3797 1245 3882 saltem
1253 3819 1462 3924 'quatenus
1481 3827 1534 3883 ex
1553 3787 1733 3912 publicis
1751 3825 1891 3884 eorum

365 3892 527 4008 scriptis
541 3909 724 4012 judicare
743 3908 865 4008 licet,
883 3912 962 3995 etsr
982 3911 1062 3994 lroc
1083 3911 1291 4024 principio
1318 3912 1448 3997 multa
1476 3912 1638 4002 brevius
1672 3922 1716 4001 ὃ(
1733 3935 1891 4000 natura-

364 4006 466 4114 lius,
478 4039 602 4128 quam
613 4019 672 4108 ‚ab
688 4017 777 4110 aliis
796 4019 1087 4126 fundamentis,
1098 4025 1367 4150 obtineantur.
