4214 5416
386 247 966 365 194DEV1x1auser
994 249 1260 336 Morruus
1289 179 1815 336 Coxn’onunmnlr

382 386 460 472 ΟΕ
481 391 534 474 ad
547 387 776 488 CG,erunt
795 385 900 471 vires
920 387 1232 498 comprimentes
1250 385 1317 470 seu
1337 381 1591 468 clasticitates
1602 384 1703 468 a‘e'ris
1723 388 1901 498 ejusdem
2091 417 2093 574 p

380 502 643 596 densitatibus
664 499 817 584 direste
835 499 1186 614 proportionales,
1212 519 1259 584 ut
1290 496 1556 594 {Mariottm
1584 498 1837 582 Amontonio
1858 511 1899 585 δε
2092 597 2093 604 Ν

380 616 539 702 Poleno
558 615 742 725 pluribus
751 641 811 696 ex
843 617 1047 698 crimentis
1068 615 1378 724 comprobatum
1386 607 1454 694 est.
1486 605 1901 722 VidMariottiTen·
1974 709 1978 716 ,

380 744 508 812 tamen
525 727 571 812 de
587 731 754 812 Natura
773 642 894 812 siris
913 743 945 826 ,⁹
963 750 1050 810 tum
1078 728 1201 810 etiarn
1223 725 1440 810 Trauatus
1460 725 1512 806 de
1532 723 1658 808 Motu
1677 727 1904 837 Aquarunr,

379 839 423 922 in
444 841 595 950 quibus
612 841 812 954 ejusmodi
830 841 1108 952 experimenta
1129 843 1152 922 al
1170 839 1210 922 se
1230 859 1351 950 capta
1369 836 1557 922 distinste
1564 841 1761 950 exponit,
1772 843 1908 952 perin-

376 952 495 1036 deae
519 953 610 1063 post
630 952 765 1065 ipsum
784 949 886 1036 fecit
907 955 1178 1038 Arnontonius
1199 953 1242 1036 in
1264 951 1580 1062 Commentariis
1601 953 1730 1036 Acad.
1754 953 1902 1038 Scient.

377 1063 501 1149 Paris.
533 1068 617 1150 Sed
634 1068 733 1176 quia
754 1069 1024 1150 communiter
1044 1067 1173 1178 spatia
1197 1063 1299 1164 CE,
1328 1065 1434 1161 CG‚
1456 1071 1532 1146 &c
1577 1066 1800 1178 perexigua
1817 1065 1906 1152 sunt

293 1179 297 1186 '
375 1177 420 1259 in
438 1179 658 1262 eorundem
679 1179 870 1262 mensuris
893 1189 932 1263 &
952 1177 1266 1291 proportionibu
1307 1178 1582 1289 explorandis,
1593 1175 1714 1259 facile
1723 1177 1780 1260 est
1802 1207 1906 1261 erro-

378 1319 464 1374 rem
486 1293 743 1376 committere
754 1339 766 1392 ,
779 1293 939 1376 idcirco
959 1293 1182 1377 Mariottus
1203 1207 1330 1374 modo
1349 1291 1415 1373 isti
1436 1291 1720 1400 proportiones
1742 1291 1904 1374 investi-

377 1405 505 1514 gandi
522 1405 629 1486 inter
651 1407 757 1488 vires
775 1404 955 1490 elasticas
968 1405 1056 1504 ,seu
1069 1407 1174 1490 vires
1186 1403 1523 1514 comprimentes,
1544 1409 1584 1486 δι
1607 1401 1820 1488 densitates
1841 1419 1906 1489 ae-

377 1517 467 1614 ris,
502 1517 649 1600 merito
677 1518 804 1600 alium
835 1517 984 1630 adjecit
1013 1545 1065 1600 ex
1092 1515 1436 1604 observationibus
1470 1515 1687 1599 barometri
1715 1519 1905 1626 petitum,

376 1657 501 1740 quern
518 1629 607 1742 Jac.
629 1629 889 1714 Bernoullius
910 1633 1102 1741 deinceps
1122 1631 1250 1742 magis
1270 1628 1454 1714 excoluit
1482 1627 1526 1710 in
1544 1627 1616 1713 suo
1635 1629 1829 1715 Tractatu
1849 1634 1903 1714 de

378 1739 800 1826 GravitateAEtheris.
823 1744 911 1826 Hic
931 1745 1075 1828 modus
1098 1743 1154 1826 est
1175 1742 1417 1840 indireuus,
1445 1742 1546 1852 quia
1561 1743 1603 1827 in
1625 1771 1675 1828 eo
1692 1739 1899 1828 assumitur

375 1852 436 1952 id,
445 1854 561 1963 quod
578 1853 636 1936 est
656 1857 911 1966 probandum
930 1857 1051 1942 instar
1068 1855 1280 1968 principii,
1292 1861 1333 1940 δε
1353 1851 1559 1939 conc'lusro
1578 1851 1786 1939 confertur
1807 1887 1901 1942 cum

374 1967 772 2076 phaenomenis,cum
792 1970 940 2079 quibus
960 1971 991 2054 st
1010 1969 1302 2081 conspiraverit
1320 1967 1557 2078 retrogrado
1574 1968 1718 2056 ordine
1735 1972 1901 2054 conclu-

238 2086 241 2092 ’
375 2077 489 2165 ditur
542 2082 762 2190 rincipium
782 2083 996 2168 assumtum
1015 2081 1094 2166 elle
1114 2109 1265 2166 verum.
1318 2079 1436 2164 Nam
1450 2077 1592 2162 fistulae
1612 2080 1830 2190 batometri
1858 2086 1900 2170 in

379 2190 461 2274 hoc
482 2107 611 2275 adero
640 2196 950 2306 experimentali
979 2196 1105 2278 modo
1135 2193 1368 2278 infunditur
1388 2191 1627 2280 Mercurius
1654 2196 1707 2278 ad
1744 2219 1898 2282 certum

375 2301 534 2415 signum
553 2334 706 2416 usque,
725 2307 886 2418 reliquo
906 2309 995 2392 tubi
1012 2310 1095 2392 adri
1123 2305 1314 2390 naturalis
1343 2303 1605 2394 confistcntiae
1625 2307 1791 2406 renuo,
1819 2337 1900 2394 non

376 2418 501 2515 γετὸ,
528 2439 575 2500 ut
592 2421 636 2500 in
656 2424 863 2502 communi
883 2421 1201 2504 barometrorurn
1220 2417 1516 2518 construetione
1533 2417 1621 2504 fieri
1638 2419 1768 2517 solet,
1788 2445 1895 2506 totus

376 2527 497 2612 tubus
510 2530 696 2644 lrydrarg
724 2533 972 2644 roimpletur
983 2574 997 2631 ·,
1025 2533 1175 2618 dehinc
1190 2531 1350 2615 inverso
1368 2531 1484 2628 tubo,
1492 2530 1697 2617 obstructo
1717 2537 1800 2644 ejus
1819 2537 1897 2618 ori-

378 2637 492 2740 ficio,
504 2649 545 2725 ὅτ
565 2561 734 2728 demisso
751 2645 857 2728 infra
875 2641 1129 2756 superficiem
1140 2645 1338 2730 Mercurii
1359 2646 1403 2727 in
1411 2645 1579 2727 vasculo
1595 2647 1778 2754 quodam
1795 2647 1898 2760 stag-

378 2757 536 2853 nantis,
561 2757 739 2866 aperitur
757 2757 1003 2842 obstrudum
1023 2757 1252 2857 orificium,
1279 2780 1326 2839 ut
1335 2751 1628 2841 Mercurius'in
1657 2758 1791 2844 fistula
1809 2789 1899 2846 vus-

236 2943 242 2956 .
378 2867 476 2954 culo
503 2870 892 2978 perpendiculariter
922 2871 1115 2954 insistenti
1142 2869 1381 2954 descendere
1410 2891 1557 2980 queat,
1585 2871 1659 2979 qui
1684 2899 1767 2956 non
1788 2893 1899 2958 totus

378 2981 551 3088 quidem
577 3009 630 3062 ex
656 2983 757 3065 tubo
784 2983 1025 3097 effluet,sed
1049 3006 1184 3068 tamen
1204 2983 1398 3068 humilius
1417 2983 1457 3066 se
1475 2985 1518 3066 in
1534 2981 1896 3088 fistulademittet,

379 3111 550 3202 propter
567 3103 699 3180 aerem
720 3093 861 3180 fistulae
879 3098 1180 3196 introductum,
1209 3121 1334 3208 quarn
1354 3100 1396 3180 in
1424 3098 1651 3182 barometro
1668 3099 1899 3200 ordinario,

237 3223 239 3226 ’
318 3204 321 3210 ’
378 3231 432 3286 ex
452 3233 560 3316 quo,
590 3227 788 3315 quantum
806 3207 895 3293 fieri
916 3209 1074 3320 potest,
1099 3209 1231 3294 omnis
1250 3222 1319 3292 a'e'r
1344 3210 1562 3322 diligenter
1589 3209 1755 3294 excludi
1783 3209 1900 3296 solet.

373 3315 471 3511 {am
493 3317 523 3401 s1
542 3323 764 3404 mercurius
784 3323 870 3434 hac
881 3322 1117 3432 operatione
1132 3320 1264 3432 posita
1275 3321 1352 3418 ,ad
1371 3323 1479 3404 illud
1499 3321 1633 3432 ipsum
1652 3321 1809 3436 lignum
1829 3326 1900 3407 de-

316 3525 321 3532 ,
396 3431 605 3531 abitum&
625 3435 669 3515 in
689 3463 740 3517 eo
768 3433 963 3531 subsistit,
989 3436 1031 3518 in
1054 3432 1298 3546 quoipsum
1327 3431 1529 3518 subsistere
1550 3435 1702 3520 debere
1722 3436 1900 3520 calculus

379 3542 607 3645 indicavit,
626 3548 701 3658 qui
720 3549 762 3628 in
784 3546 1003 3662 hypothesi·
1020 3545 1240 3644 fundatur,
1258 3547 1373 3657 quod
1401 3546 1614 3632 densitates
1641 3546 1717 3632 sint
1749 3551 1900 3632 viribus
1928 3641 1939 3658 .
2090 3589 2091 3604 Ν

378 3661 743 3776 ¹comprimentibus
774 3661 1134 3772 proportionales,
1169 3661 1310 3770 ecquis
1340 3661 1392 3742 de
1415 3659 1604 3744 bonitate
1630 3659 1899 3772 hypotheseos

379 3770 583 3881 ambiget?
612 3773 742 3884 Quod
759 3801 856 3855 vero
877 3775 1107 3857 Mercurius
1127 3773 1181 3856 ad
1199 3802 1246 3854 ea
1266 3767 1430 3882 praecise
1446 3769 1555 3884 signa
1575 3774 1800 3882 perveniat,
1808 3802 1902 3884 quae

378 3875 466 3988 ipse
483 3883 665 3967 calculus
684 3883 733 3964 in
747 3883 821 3968 hac
841 3907 1061 3969 memorata
1079 3883 1295 3998 hypothefi
1313 3883 1506 3968 fundatus
1534 3885 1846 3984 determinavit,
1857 3889 1905 3970 id

309 4071 310 4074 a
379 3991 565 4075 constitit
585 3995 787 4080 Mariotto
805 3999 949 4108 &Jac
974 3998 1212 4081 Bernoullio
1234 4025 1285 4080 ex
1315 3997 1663 4082 observationibus
1688 3999 1901 4083 accuratis

380 4107 610 4215 Qrousque
630 4110 727 4190 ve'ro
746 4107 977 4190 Mercurius
996 4111 1037 4190 in
1048 4110 1363 4222 pramemoratis
1375 4101 1734 4196 circumstmtinse
1753 4111 1903 4196 demit.

376 4235 462 4306 tere
482 4219 640 4322 debeat,
648 4218 919 4304 manifestabit
934 4221 1101 4334 sequens
1121 4223 1344 4308 Problema.
1509 4231 1512 4236 '
1810 4231 1813 4236 '

382 4503 387 4512 ·
480 4589 485 4596 ῃ
624 4443 1671 4558 rnorosrrro'xxrv.raonem.

95 4613 99 4624 Ι
235 4663 348 4750 dulc}
433 4621 525 4783 349·
554 4664 950 4789 Dalisfatmofphaerae
960 4665 1220 4783 pressam-d
1238 4663 1471 4786 longitudine
1490 4630 1809 4891 aldujusfistul}
1825 4661 1905 4863 AtB

339 4821 343 4828 .
1570 4809 1573 4814 ·
1760 4807 1785 4859 a
1810 4804 1852 4862 er
1871 4811 1914 4864 ε
