4182 5414
245 199 326 287 De
359 201 618 288 Vrsinus
651 223 719 284 ur
747 157 1673 298 niomu's·001t1›0aun.un.1..113

158 337 390 442 elasticitate
409 342 583 454 praedita
595 369 683 424 non
703 337 809 439 sunt,
821 343 937 452 quod
953 338 1166 453 particula
1187 363 1327 422 eorum
1349 330 1578 446 compressa
1597 326 1678 409 sese

157 455 197 534 in
214 453 431 566 pristinum
452 453 598 538 statum
616 453 820 538 restituere
841 483 923 558 non
943 453 1126 559 valeant,
1152 479 1291 536 eorum
1310 446 1455 548 saltem'
1482 447 1678 570 elemepta

159 561 333 680 perfeste
354 567 517 652 elastica
540 567 617 652 effe
635 569 851 680 queunt,al
870 597 955 680 quo
972 567 1184 650 statuendo
1203 563 1337 648 nullus
1359 589 1410 644 ex
1429 557 1678 682 praestando:

142 679 263 764 'ribus
282 681 510 766 Geometris
531 683 647 794 hujus
669 683 748 768 :evi
766 675 979 766 abh'orrere
997 681 1172 764 videtur.
1222 679 1377 763 Verum
1399 669 1604 784 quicquid
1622 695 1681 750 rer
1722 701 1726 708 ·

158 791 228 894 sit,
256 817 436 878 revertor
455 793 508 878 ad
527 823 697 908 corpora
715 795 1075 907 astuosaqquorum
1095 796 1158 880 vis
1167 789 1359 876 ‘absoluta
1385 786 1526 870 eadem
1548 801 1682 866 manet
1757 839 1760 846 -

158 908 203 990 vi
221 909 339 1022 hujus
359 905 685 1022 hypotheseon‘si
707 935 1080 1018 communetotum
1100 928 1284 992 centrum
1304 899 1515 1017 gravitatis
1535 897 1588 978 ad
1596 907 1688 976 ean-

155 1019 253 1102 dem
282 1019 539 1104 altitudinem
566 1047 612 1135 cg
639 1021 820 1106 ascendit
850 1021 942 1134 post
971 1021 1246 1118 conflitlum,
1283 1044 1334 1108 ex
1366 1041 1449 1124 qua
1477 1005 1687 1118 delapsum

156 1154 242 1216 erat
258 1155 360 1334 agg
365 1133 585 1220 occursum
600 1135 769 1234 eorum,
795 1136 876 1220 boc
898 1135 980 1236 est,
1006 1133 1148 1248 positis
1170 1157 1262 1244 quae
1291 1129 1410 1241 supra
1437 1123 1500 1242 (s
1517 1125 1635 1236 216.)
1656 1119 1687 1202 sl
1730 1223 1733 1232 Ι

158 1257 255 1328 cl:
808 1317 815 1332 .
903 1267 905 1269 ’
1645 1252 1649 1258 ’

170 1317 196 1360 ⁶
216 1387 308 1473 219.
338 1359 459 1444 Vires
481 1357 681 1468 absolutas
702 1390 920 1478 corporum
948 1359 1187 1446 aestimamus
1200 1365 1320 1474 juxta
1345 1351 1607 1474 altitudines,
1633 1347 1688 1431 ad

157 1497 260 1584 quas
277 1473 482 1557 retardato
499 1473 572 1556 suo
594 1477 617 1556 d
637 1479 839 1588 gravitate
855 1496 972 1560 motu
989 1477 1219 1589 pertingere
1239 1471 1402 1587 possunt
1410 1527 1424 1570 ,
1436 1466 1504 1550 vel
1523 1490 1704 1562 actura,
1746 1463 1753 1486 ¹

114 1631 117 1638 »
156 1587 243 1670 tius
261 1613 334 1700 per
350 1585 459 1669 fasta
478 1615 531 1670 ex
550 1577 621 1670 his'
636 1589 922 1674 altitudinibus
940 1591 984 1672 in
1004 1587 1144 1673 massas
1174 1597 1393 1700 corporum
1404 1629 1416 1682 3
1445 1581 1490 1662 in
1519 1578 1596 1705 hae
1623 1577 1687 1658 vi-

160 1698 270 1782 rium
296 1697 559 1783 aestimatione
587 1711 836 1811 preeuntem
865 1701 1054 1810 habemus
1075 1700 1202 1786 Illust.
1227 1698 1689 1802 Leibnitium,q'u1ean·

160 1809 260 1896 dem
279 1841 362 1896 non
379 1841 461 1896 uno
479 1813 575 1897 loco
594 1817 638 1895 in
657 1816 772 1902 Astis
783 1813 1049 1926 Eruditorum
1062 1811 1173 1926 Lips.
1191 1813 1392 1898 indicavit
1412 1807 1596 1919 quidem,
1608 1829 1690 1886 non

161 1945 301 2008 tamon
312 1925 697 2026 demonstravit‚etsr
718 1929 954 2043 apodistice
974 1927 1236 2013 demonstrari
1254 1925 1402 2040 potest,
1411 1943 1460 2006 ut
1478 1915 1586 2022 sorte
1605 1915 1693 1998 'alia

159 2037 207 2121 id
226 2038 437 2124 occasione
456 2039 721 2126 ostendemus.
752 2043 882 2134 ,Non
902 2043 1051 2155 ignoro
1069 2043 1277 2156 perplures
1308 2039 1385 2124 esse
1409 2029 1692 2146 insigniffimos

161 2151 290 2252 viros,
299 2154 447 2266 quibus
468 2155 562 2239 talis
580 2153 686 2238 vires
719 2155 942 2242 aestimandi
967 2157 1073 2238 ratio
1103 2180 1186 2240 non
1206 2147 1690 2250 arrideat,existimantes

162 2293 254 2350 eam
274 2269 298 2350 d
318 2268 614 2380 quantitatibus
635 2275 770 2360 ntbtus
789 2269 1009 2382 petendam
1028 2267 1116 2352 esse.
1145 2267 1286 2355 Celeb.
1308 2268 1487 2380 Papinus
1507 2264 1598 2350 sane
1617 2265 1692 2350 diu

161 2379 425 2493 multumque
442 2410 536 2464 cum
563 2379 773 2465 Leibnitio
792 2381 1003 2496 disputans
1019 2383 1195 2467 rotunde
1214 2383 1381 2495 negavit
1401 2407 1620 2490 corporum
1630 2381 1693 2464 vi·

162 2519 223 2574 res
247 2493 547 2594 altitudinibus,
560 2521 659 2606 quas
682 2525 854 2608 corpora
872 2493 1125 2580 ascendendo
1155 2494 1357 2580 conficere
1385 2493 1571 2604 possunt,
1601 2521 1696 2604 pro·

161 2605 414 2717 portionales
434 2606 534 2708 effe5
550 2609 664 2720 'quin
676 2609 762 2691 imo
772 2609 878 2692 uires
896 2637 960 2722 eas
981 2609 1232 2720 temporibus
1249 2607 1552 2720 proportionari
1563 2629 1697 2718 putat,
1731 2629 1738 2644 '

163 2719 316 2828 quibus
336 2719 574 2804 altitudines
593 2722 719 2805 modo
738 2724 954 2806 nominatae
975 2721 1237 2806 absolvuntur
1250 2723 1326 2822 ,vel
1357 2723 1479 2804 etiam
1511 2721 1693 2804 celerita-

128 2931 131 2936 .
163 2832 275 2915 tibus
297 2831 521 2924 initialibus
540 2833 753 2916 mobilium
774 2829 1011 2945 :eqllalium¹
1050 2837 1133 2921 Sed
1151 2835 1195 2916 in
1213 2836 1427 2944 probando
1445 2835 1526 2916 hoc
1544 2831 1618 2914 suo
1637 2831 1696 2914 as-

162 2941 274 3030 serto
291 2945 476 3030 incautus
498 2943 648 3029 labitur
667 2944 1049 3060 ipse,principium
1068 2945 1262 3032 assumens
1288 2969 1429 3058 aperte
1457 2942 1601 3032 salsum
1612 2989 1627 3042 3
1655 2953 1696 3028 &

162 3060 248 3143 hoc
270 3058 521 3172 principium
540 3055 685 3142 salsum
718 3059 798 3159 est,
826 3065 942 3172 quod
969 3057 1173 3144 existimet
1204 3088 1377 3172 corpora
1406 3087 1500 3142 cum
1531 3055 1698 3144 dirersis

164 3173 458 3256 velocitatibus
480 3171 703 3255 initialibus
723 3173 979 3260 ascendentia
999 3175 1199 3284 :equalem
1220 3176 1243 3258 al
1263 3175 1463 3288 gravitate
1484 3171 1580 3284 ipsis
1608 3172 1699 3254 resr-

160 3284 298 3370 stente
315 3287 470 3371 istuum
488 3312 698 3368 numerum
717 3311 938 3399 exceptura
956 3287 1035 3372 else
1053 3287 1305 3399 temporibus
1325 3287 1559 3399 aequalibus.
1617 3285 1699 3379 Sed

158 3397 193 3480 sr
217 3395 356 3506 plures
377 3397 725 3510 dostLGeometrae
738 3403 1027 3512 ,praejudicati
1044 3403 1241 3512 opinione
1260 3401 1487 3486 communis
1516 3401 1622 3486 vires
1640 3427 1702 3492 :ef

153 3509 366 3594 -stimandi
385 3511 551 3594 rationis
582 3539 655 3623 per
684 3515 954 3622 quantitatem
981 3535 1117 3597 motus
1144 3515 1323 3610 detenti,
1353 3513 1512 3597 anobis
1538 3510 1698 3594 diversa

159 3623 372 3719 sentiunt,
400 3621 543 3712 adsunt
561 3645 696 3708 tamen
715 3626 786 3706 'al-ii
805 3627 1020 3711 acutiffimi
1039 3625 1265 3710 Geometrae
1277 3685 1290 3724 ‚
1302 3626 1377 3736 qui
1400 3625 1696 3710 Leibnitianam

161 3737 282 3820 ultro
300 3736 549 3834 admittunt,
577 3741 679 3848 quin
699 3737 785 3820 imo
798 3744 882 3849 jam
904 3763 996 3826 ante
1015 3739 1247 3851 complures
1264 3768 1389 3824 annos
1412 3738 1458 3834 N
1461 3741 1525 3822 ob.
1548 3739 1693 3851 Hnge·

156 3853 259 3937 nius
278 3850 420 3934 eadem
441 3849 747 3960 quodammodo
767 3852 858 3937 usus
875 3853 931 3938 est
952 3857 994 3938 in
1013 3853 1421 3938 demonstrationibus
1450 3851 1608 3937 suarum
1635 3882 1694 3936 re-

106 3984 111 3993 ’
160 3964 356 4078 gulanun
376 3985 513 4047 motus
531 3988 582 4044 ex
601 3959 880 4075 percussione,'
901 3967 1099 4078 principii
1118 3965 1213 4050 loco
1229 3967 1272 4052 in
1301 3969 1351 4050 iis
1381 3965 1601 4065 assumens,
1615 3994 1696 4048 non

159 4076 281 4190 posse
297 4105 514 4160 commune
534 4097 718 4160 centrum
740 4081 951 4190 gravitatis
972 4107 1191 4190 corporum
1209 4080 1315 4168 inter.
1335 4079 1375 4166 se
1385 4079 1619 4164 collisorum
1639 4080 1694 4162 al-

157 4191 251 4274 tius
271 4189 482 4274 ascendere
500 4189 591 4302 post
619 4191 993 4302 occurstrm,quam
1020 4191 1284 4278 descenderat
1311 4213 1404 4276 ante
1430 4191 1697 4294 conflislum5
1789 4235 1800 4260 ·

158 4333 251 4389 non
271 4316 407 4386 tamen
425 4301 621 4416 supponit
641 4301 848 4394 ascensum
877 4304 1009 4390 centri
1039 4305 1251 4418 gravitatis
1270 4303 1489 4400 descensui
1518 4306 1697 4418 ejusdem

159 4417 368 4529 aequalem
388 4413 464 4498 else
477 4461 488 4514 5
502 4415 597 4500 alias
617 4445 716 4502 vero
736 4413 910 4500 assumsit
921 4415 1180 4534 hypotheses,
1190 4445 1282 4528 quae
1304 4419 1591 4531 aequivalentes
1609 4411 1701 4501 sunt

158 4530 312 4618 nostrae
332 4529 386 4613 de
404 4528 637 4638 :equalitate
658 4527 838 4614 ascensus
859 4551 984 4640 atque
1012 4527 1222 4614 descensus
1242 4535 1370 4616 centri
1391 4533 1601 4646 gravitatis
1613 4529 1704 4640 post

35 4677 40 4691 ·
158 4655 205 4732 δε
231 4665 325 4734 ante
346 4642 589 4727 conflictum
609 4667 841 4750 corpomm.
893 4643 1058 4728 Idcirco
1080 4639 1157 4730 bae
1176 4645 1309 4732 nostra
1338 4641 1553 4762 hypothesi
1576 4641 1707 4754 posita

1590 4781 1708 4870 reuu-
1794 4863 1798 4870 ,
