4054 5418
401 227 494 309 aso
522 219 611 306 Du
642 217 893 332 Vrsrnus
914 239 992 298 nn
1010 213 1305 339 “Moatquts'
1325 207 1847 302 Connonu'uffirslll..

1120 437 1220 528 ru.
1295 539 1298 546 ,
1392 527 1395 532 ,

464 589 726 698 480.‚Motus
738 585 1046 705 primitivisunt
1064 581 1152 680 illi,
1176 579 1251 690 qui
1269 577 1324 660 ¹in
1345 605 1477 662 vacuo
1496 574 1650 660 fierent.
1709 575 1778 660 Sic
1795 601 1913 668 motus

398 702 852 812 ¹pri‘mitiv.e,v.unisormis
874 700 930 784 est
948 721 1083 784 motus
1104 693 1336 806 aequabilis,
1349 719 1435 811 quo
1453 717 1602 802 corpus
1620 690 1668 772 vi
1688 683 1914 805 quacunque

407 815 693 923 impulfirmin
716 845 850 906 vacuo¹
866 814 1083 896 incederet.
1139 809 1195 890 Et
1222 826 1356 890 motus
1387 805 1599 916 primitive
1626 803 1917 914 acceleratiyel

401 927 603 1010 ,retardati
632 930 655 1010 al
675 931 875 1042 gravitate
894 925 1112 1020 uniformi,
1139 919 1232 1005 sunt
1250 941 1384 1002 motus
1404 917 1491 1016 illi,
1522 944 1626 1028 quos
1650 921 1766 1028 gravi
1793 920 1833 999 in
1855 949 1914 1009 va·

395 1065 490 1118 ..cuo
509 1042 671 1123 cadenti
692 1043 759 1145 vel
778 1041 1009 1126 ascendenti
1029 1031 1450 1120 convenireGalilaeus
1469 1029 1781 1128 demonstravit,
1800 1037 1912 1144 cujus-

397 1153 527 1248 „modi
540 1175 682 1238 motus
707 1147 1250 1262 Lib.1.8eu.11.cap.1„§.
1267 1168 1464 1258 150,1s51v.
1486 1140 1836 1226 consideravimus.

462 1485 558 1587 481.
588 1485 799 1570 Solicitatio
817 1482 1064 1569 accelerata-'ix
1094 1479 1210 1594 gravi
1231 1477 1273 1562 in
1293 1487 1384 1560 ae're
1413 1473 1675 1580 descendenti
1704 1477 1915 1588 applicata

406 1588 464 1672 est
494 1597 696 1702 excessus,
716 1626 801 1708 quo
823 1599 999 1710 gravitas
1029 1589 1442 1678 mediiresrstentiam
1460 1587 1642 1697 superat,
1670 1595 1712 1670 &
1733 1589 1908 1699 refistmtia

408 1703 538 1792 totalis
556 1709 622 1798 seu
642 1710 812 1824 absoluta
832 1709 996 1822 corpori
1014 1709 1056 1790 in
1076 1718 1167 1787 acre
1186 1703 1416 1788 ascendenti
1436 1699 1648 1812 opposita,
1665 1701 1731 1784 est
1740 1729 1908 1818 aggrega.

402 1834 500 1898 tum
520 1819 803 1906 solicitationis
816 1811 1035 1934 grauitatis
1056 1827 1096 1900 δε
1109 1815 1342 1900 ,resistentie
1362 1817 1478 1902 a'e'ris.
1508 1809 1553 1894 N
1557 1841 1622 1894 am
1642 1813 1729 1896 haec
1750 1817 1910 1899 duotor-

361 1953 362 1956 ‘
399 1932 499 2042 'pori
520 1934 563 2016 in
582 1943 673 2024 abre
691 1934 922 2023 ascendenti
943 1931 1191 2044 conjunslim
1213 1931 1452 2012 renituntur.
1509 1923 1646 2006 Grave
1664 1927 1761 2010 verb
1780 1931 1906 2014 cadens

404 2047 586 2130 nonalia
603 2051 646 2130 vi
659 2048 851 2136 ¹deorsum
869 2049 975 2144 ruit,
1002 2069 1126 2154 quam
1145 2044 1215 2139 ed,
1244 2043 1327 2152 qud
1349 2036 1789 2151 gravitasresrstentiam
1812 2045 1907 2141 aeris,

396 2150 444 2230 in
467 2181 552 2264 quo
571 2189 718 2282 corpus
738 2181 950 2255 movetur,
978 2157 1156 2268 supetat:
1187 2175 1404 2266 propterea
1423 2151 1491 2235 hic
1520 2147 1681 2263 exceffus
1702 2153 1906 2240 solicitatio

289 2271 298 2286 '
399 2267 663 2356 acceleratrix
684 2273 820 2384 gravis
841 2268 1238 2362 inadtedecidentis
1256 2265 1387 2352 audit.

445 2611 551 2714 482.
580 2591 758 2718 Et,qdia
776 2607 839 2690 hae
860 2603 1151 2695 solicitationes
1171 2600 1536 2719 acceleratrices'in
1555 2614 1646 2688 ae're
1656 2603 1837 2686 continue
1845 2604 1924 2686 de.

397 2721 588 2804 ¹crescunt
615 2722 668 2802 ob
690 2719 932 2804 crescentem
953 2745 1046 2800 cum
1085 2715 1306 2798 velocitate
1335 2715 1497 2800 mobilis
1526 2715 1779 2800 resistentiam
1802 2718 1905 2814 aeris,

402 2835 555 2944 absque
575 2853 708 2916 tamen
727 2863 791 2932 eo,
800 2854 846 2913 ut
864 2857 1046 2941 unquam
1063 2827 1225 2937 penitus
1248 2828 1512 2940 extinguatur
1522 2849 1594 2925 ,ut
1606 2831 1650 2911 in
1670 2829 1905 2942 sequentibus

397 2943 524 3030 fustus
542 2943 1007 3041 demonstrabimr,ideb
1028 2944 1150 3024 etiam
1169 2933 1351 3024 celeritas
1371 2941 1564 3023 continue
1575 2943 1742 3051 quidem
1753 2939 1900 3040 crescet,

401 3081 636 3142 nontamen
658 3083 812 3143 certum
828 3057 1035 3166 quendam
1055 3055 1286 3137 velocitatis
1317 3053 1487 3166 gradum
1513 3082 1697 3166 unquam
1723 3056 1902 3166 attinget,

366 3255 368 3266 ,
402 3173 553 3256 nedum
572 3173 935 3284 praetergredietur.
965 3167 1084 3250 Talis
1105 3153 1445 3276 velbcitasquam
1465 3167 1604 3280 gravia
1632 3195 1834 3277 nunquam
1850 3196 1905 3250 ca·

344 3343 346 3346 -
402 3284 540 3366 dendo
566 3283 719 3394 assequi
747 3283 932 3392 possunt,
959 3280 1037 3370 etsi.
1058 3279 1098 3360 ei
1128 3278 1283 3392 semper
1312 3281 1441 3418 magis
1468 3279 1678 3390 magisque
1697 3281 1903 3376 accedunt,
1998 3299 1999 3380 l

335 3496 339 3506 ¹
403 3396 604 3510 Hugenio
620 3396 801 3480 velocitas
818 3391 1027 3506 terminalis
1044 3391 1183 3490 audit,
1214 3391 1441 3476 Leibnitsus
1471 3395 1571 3476 verb
1602 3391 1823 3479 celeritatem
1839 3419 1907 3474 ma·
1998 3383 1999 3474 l

403 3515 550 3594 ximam
568 3487 775 3594 eisclusrvb
793 3507 960 3591 eandem
978 3503 1171 3618 appellat.

461 3624 587 3710 Scalae
606 3622 925 3708 solicitat-ionum
947 3618 1316 3716 acceleratricium,
1344 3615 1904 3714 resistenti-arumtotmum&

406 3733 657 3817 celeritatum
677 3734 961 3844 acquisitarum
971 3733 1039 3818 vel
1055 3729 1297 3818 residuarum
1307 3729 1596 3827 ,eodemsensu
1605 3731 1819 3826 sumuntur,
1827 3755 1907 3838 quo

405 3845 449 3921 in
462 3843 647 3938 Sestione
662 3847 836 3929 secunda
857 3847 972 3927 Libri
980 3845 1113 3957 primi
1124 3889 1136 3942 3
1164 3845 1268 3926 adeo
1290 3866 1338 3924 ut
1355 3843 1466 3924 nulla
1485 3845 1728 3956 ambiguitas
1746 3843 1909 3927 vocabu·

405 3955 539 4038 lorum
558 3958 602 4036 in
620 3957 696 4038 hac
716 3957 882 4038 materia
899 3960 1072 4068 irrepere
1099 3955 1247 4067 queat?
1289 3956 1406 4038 Idem
1434 3955 1584 4066 pariter
1609 3957 1911 4072 intelligendum
1998 3953 1999 4028 l

403 4067 460 4182 'de
478 4069 693 4152 momentis
711 4067 853 4152 harum
872 4067 1191 4151 solicitationum
1210 4089 1280 4150 aut
1308 4067 1611 4186 resistentiarum
1639 4071 1852 4168 totalium,
1875 4073 1911 4149 lt
1998 4103 1999 4166 l

402 4181 659 4268 celeritatum
680 4180 945 4266 crescentium
963 4203 1032 4263 aut
1054 4181 1382 4264 decrescentium.
1998 4209 1999 4226 ¹

884 4423 918 4462 ι-
1103 4399 1220 4482 011,
1309 4455 1311 4460 ,

458 4540 553 4644 483.
584 4536 627 4618 Si
641 4537 897 4632 *lineareucae
919 4399 1144 4622 inmuni-tii
1169 4536 1443 4648 longitudinis
1473 4539 1664 4647 aequabili
1694 4559 1813 4624 motu
1832 4535 1922 4622 ferri

288 4699 293 4707 -
400 4647 569 4760 subinde
588 4651 789 4750 dicentur,
800 4673 924 4761 atque
944 4655 986 4736 in
1007 4653 1120 4737 bisce
1128 4649 1253 4736 lineis
1272 4652 1593 4761 corpora-libere
1606 4652 1732 4741 etiam
1754 4649 1923 4742 eutroci—

1847 4785 1926 4847 ΠΟ·
1998 4781 1999 4846 ζ

1473 5005 1480 5056 l
