4188 5414
322 503 326 510 .
463 416 1513 556 Anxunxvoxum

287 721 1672 955 LECTOREM

227 1114 276 1239 ’,ἦ
306 1097 616 1258 (Α
648 1133 751 1206 ante
786 1105 878 1208 hoc
916 1111 1263 1246 quinquennium
1300 1113 1475 1209 circiter
1508 1115 1554 1210 in
1597 1109 1759 1214 Illustri

215 1242 233 1289 ‘²
268 1246 337 1339 ”r
403 1230 457 1373 sai
473 1212 508 1377 1,
550 1245 710 1374 Lyceo
755 1249 971 1343 Patavino
1011 1241 1374 1376 Hydrostaticam
1416 1243 1603 1382 publicis
1647 1260 1758 1353 meis

213 1407 255 1505 l.
284 1440 302 1474 ε,
326 1382 330 1395 “
353 1394 362 1467 ἰ.
550 1377 837 1478 Lectionibus
861 1380 1170 1514 exponendam
1192 1381 1428 1514 eligerem,
1465 1412 1560 1484 tam
1595 1383 1658 1486 ob
1688 1423 1759 1486 ar-

307 1530 382 1621 ²,
433 1502 462 1663 (ἶ
487 1576 502 1613 t
547 1523 748 1650 gumenti
773 1515 1128 1652 jucunditatem,
1162 1515 1382 1654 quam‘ob
1405 1521 1645 1622 utilitatem
1665 1561 1759 1626 non

372 1660 501 1693 '
548 1654 923 1754 contemnendam
933 1660 981 1751 in
993 1649 1518 1788 PhilosophiaNaturali‚
1533 1665 1755 1794 cogitatio

196 1785 326 1894 fimul
349 1797 546 1894 animum
568 1788 697 1890 subiit
710 1787 854 1908 ,forte
865 1825 956 1890 non
966 1785 1022 1890 ab
1044 1823 1092 1888 re
1115 1787 1310 1889 futurum
1325 1864 1338 1910 ,
1355 1787 1522 1930 s1,quae
1546 1795 1757 1898 auditori-

196 1923 277 2028 bus
304 1935 415 2030 meis
438 1925 766 2063 explicuissem,
802 1931 850 2026 in
871 1925 1101 2067 publicum
1120 1934 1364 2028 mitterem.
1438 1938 1488 2032 ln
1508 1927 1600 2032 hoc
1629 1933 1757 2034 dein-

197 2099 299 2202 ceps
339 2061 570 2204 proposrto
610 2101 666 2164 eo
700 2070 838 2198 magis
880 2059 1167 2166 confirmatus
1201 2062 1266 2163 fui
1306 2059 1564 2204 firmiusque
1597 2067 1753 2208 persti-

194 2207 256 2319 ti,
292 2237 385 2340 quo
407 2204 454 2302 id
475 2206 616 2336 magis
640 2205 793 2314 amicis
823 2199 983 2304 harum
1012 2235 1159 2301 rerum
1192 2201 1541 2337 intelligentibus
1575 2203 1753 2341 probari

196 2373 403 2470 cognovi.
613 2359 616 2364 ’

265 2472 559 2575 Archimedes
583 2475 777 2610 primus,
799 2473 922 2612 quod
945 2473 1144 2591 constet,
1169 2471 1500 2608 Hydrostaticae
1525 2479 1753 2583 rudimen·
1813 2487 1815 2494 ’

195 2637 241 2706 ta
263 2611 442 2711 tradidit
462 2617 508 2710 in
529 2609 611 2711 suis
635 2605 1005 2742 Delnfidentibus
1017 2607 1207 2712 Humido
1225 2609 1368 2711 Libris
1382 2686 1394 2732 ,
1407 2609 1479 2712 sed
1501 2623 1675 2752 optima
1694 2619 1752 2720 ab

194 2743 287 2884 ipso
309 2755 355 2846 in
378 2747 712 2886 Philosophiam
726 2749 994 2850 Naturalem
1005 2743 1142 2888 sparsa
1160 2745 1325 2848 semina
1347 2786 1513 2886 magno
1535 2763 1751 2892 temporis

195 2894 338 2984 traslu
360 2885 518 2985 sterilia
544 2895 744 3018 jacuere,
779 2885 1045 3024 usquedum
1077 2881 1219 3015 sagaci
1251 2885 1420 2982 Galilaei
1455 2893 1636 3018 ingenio
1664 2889 1753 2988 foe·
1876 2921 1886 2934 ·

193 3021 382 3122 cundata
411 3027 658 3156 germinare
687 3027 950 3156 inciperent.
1000 3027 1178 3118 Etenim
1196 3053 1409 3152 magnum
1432 3017 1522 3119 hoc
1548 3021 1750 3126 Philoso-

225 3155 310 3256 hiae
334 3160 485 3257 lumen
503 3158 801 3259 Archimedea
822 3160 1140 3292 principianon
1160 3151 1302 3252 solum
1326 3157 1586 3258 luculentius
1610 3198 1750 3298 expo-

190 3191 300 3412 suit,
336 3296 614 3430 explanavit,
649 3294 955 3431 nonnullisque
975 3297 1100 3392 novis
1123 3285 1488 3424 speculationibus
1512 3299 1748 3416 auxit,sed

189 3437 326 3528 etiam
351 3428 564 3564 fingulare
596 3428 954 3570 plraenomenon,
988 3427 1044 3528 ab
1067 3429 1269 3565 aquilege
1299 3461 1449 3530 tamen
1482 3465 1747 3571 acceptum,

188 3563 484 3704 Philosophos
506 3570 685 3688 docuit,
722 3604 812 3665 non
835 3560 956 3703 posse
978 3599 1137 3702 aquarn
1170 3571 1216 3664 in
1250 3568 1395 3666 antliis
1416 3563 1610 3667 fustoriis
1632 3572 1747 3673 ultra

190 3703 447 3803 octodecim
470 3703 723 3804 cubitorum
745 3701 1028 3804 altitudinem
1047 3701 1194 3800 attolli
1210 3715 1282 3817 3&
1298 3737 1573 3842 ,quanquam
1594 3743 1744 3807 veram

189 3848 281 3974 ejus
319 3848 536 3940 rationem
565 3877 656 3940 non
696 3837 940 3977 assequutus
973 3837 1060 3938 elle
1092 3839 1305 3955 videtur,
1342 3843 1398 3939 de
1431 3840 1747 3974 elegantiffimo

191 4009 341 4076 tamen
362 3986 543 4078 invento
556 3982 727 4116 optime
748 3975 811 4078 est
823 3981 1139 4094 meritus,cum
1159 3971 1249 4074 hoc
1272 3983 1363 4110 ejus
1386 3975 1738 4116 phaenomenon,

188 4111 262 4214 seu
272 4112 548 4234 observatio,
565 4149 657 4212 non
670 4145 845 4214 tantum
856 4111 950 4213 tubi
962 4113 1279 4214 Torricelliani
1303 4122 1652 4251 experimentum
1666 4155 1743 4252 pe.

188 4247 1744 4390 pererit,sedetiamoccasrofuerit,quaHydrostaticaeprincipianda'e'-

188 4424 284 4487 rem
297 4386 434 4528 ipsum
443 4393 786 4490 traducerentur.
823 4395 951 4488 Nam
974 4383 1250 4521 Euangelista
1268 4388 1564 4488 Torricellius
1585 4399 1741 4522 Magni

190 4533 330 4626 Ducis
357 4533 573 4624 Hetrutia
596 4535 1009 4627 Faxnxununx
1048 4531 1102 4623 11.
1139 4519 1510 4642 Mathematicus,
1548 4539 1593 4623 δε
1618 4531 1741 4624 Gali-

187 4661 258 4760 laei
277 4667 323 4762 iu
343 4659 438 4765 hoc
460 4697 639 4762 munere
662 4661 876 4764 successor
889 4737 902 4784 ,
937 4657 1285 4762 observationem
1297 4659 1419 4762 illam
1433 4689 1603 4762 attenta
1614 4698 1741 4761 men-

1694 4830 1739 4902 te
