4214 5416
278 267 373 362 -Dt
402 273 656 368 Vrnrnus
686 301 756 364 er
781 277 1400 368 Morinus'Connonuu.
1426 277 1588 382 Lrnll.
1619 305 1698 392 233

174 410 302 524 tIgnis
315 413 523 524 parallelis
544 422 585 498 δε
603 411 863 497 verticalibus
882 415 956 498 AB
970 414 1076 512 ‚AD
1097 393 1347 498 horizontali
1358 413 1437 498 BD
1457 406 1697 524 conjundtis,

171 533 217 608 dc
240 528 369 609 crenis
390 525 468 609 suis
488 525 711 623 instruffis,
740 527 843 612 adeo
862 547 909 607 ut
928 527 992 610 his
1013 529 1141 614 crenis
1170 528 1307 612 tabula
1326 525 1411 608 ΕΗ
1440 525 1582 622 insen,
1603 553 1696 637 quae

178 665 255 748 pro
273 667 315 722 re
335 659 427 722 nata
441 639 581 722 'attolli
601 639 642 722 δὲ
660 639 825 722 demitti
843 661 967 750 queat
985 669 1066 755 ope
1088 640 1196 724 funis
1216 641 1288 726 VS
1321 665 1428 723 unco
1453 638 1494 723 V
1515 639 1698 749 alligati,

175 771 300 860 atque
317 753 420 834 adeo
437 752 572 836 lumen
595 753 630 834 F
633 749 762 836 BDH
782 753 1060 838 modoaretari
1069 755 1195 838 modo
1211 755 1334 856 etiam
1355 751 1542 860 ampliari
1562 771 1697 862 queat.
1752 819 1798 858 ·..
1864 791 1873 855 ς

176 855 286 946 Haec
308 863 604 950 Catarauaseu
624 863 855 978 Regulatot
883 866 926 948 in
954 867 1050 950 loco
1077 868 1301 950 commodo
1329 861 1450 950 fluvii
1480 864 1700 948 mediocris
1756 871 1759 880 “

175 976 429 1060 transversim
449 978 568 1062 debet
588 982 735 1088 aptari,
745 981 801 1060 ita
820 1001 867 1060 ut
886 981 1047 1090 tignum
1067 979 1146 1061 BD
1175 981 1274 1089 ripis
1296 975 1631 1089 perpendicula-re
1651 975 1701 1058 sit

175 1085 391 1198 fundoque
411 1093 675 1204 contiguum,
701 1091 949 1202 aedemque
965 1091 1085 1205 tigna'
1096 1092 1169 1174 AB
1184 1101 1223 1176 ὃ(
1238 1093 1319 1174 Al)
1340 1089 1471 1174 fundo
1490 1089 1700 1187 normalia,

175 1203 279 1284 adeo
298 1226 343 1283 ut
363 1223 497 1285 totum
516 1203 683 1314 planum
706 1199 866 1286 ABDA
887 1203 1018 1288 fundo
1035 1209 1219 1316 ripisque
1239 1203 1573 1316 perpendiculare
1592 1200 1653 1284 sit.

233 1314 276 1395 Si
287 1317 371 1423 jam
391 1339 609 1424 quaeratur,
619 1337 817 1426 quantum
837 1345 1043 1428 aquaeper
1061 1319 1277 1400 seetionem
1300 1301 1404 1398 uM'
1419 1316 1599 1398 fluminis
1622 1308 1701 1424 PQ
1729 1325 1789 1417 Fit·
1799 1333 1862 1387 100⁶
2032 1333 2037 1342 '

177 1425 275 1508 dato
293 1451 478 1538 tempore
500 1428 624 1511 fluere
643 1427 812 1510 debeat?
842 1429 892 1510 ln
912 1431 987 1518 hac
1009 1429 1183 1512 sedione
1212 1427 1280 1510 vel
1309 1427 1390 1508 alio
1421 1429 1701 1511 commodiore

172 1535 269 1622 loco
289 1539 553 1623 collocandus
572 1541 628 1626 est
640 1539 870 1653 Regulator
890 1531 939 1624 eo
959 1545 1106 1640 modo,
1133 1565 1179 1624 ut
1197 1541 1376 1636 dietum,
1405 1549 1445 1622 &
1468 1539 1603 1623 tabula
1624 1537 1698 1621 EF

173 1653 338 1734 mobilis
360 1653 612 1736 demittenda
629 1653 709 1751 est,
737 1675 783 1734 ut
800 1653 924 1736 seetio
945 1654 1032 1736 ΜΒ
1054 1657 1268 1740 reducatur
1299 1653 1352 1735 ad
1379 1653 1577 1734 minorem
1598 1650 1698 1746 FB,

176 1787 265 1872 quo
284 1763 379 1862 fiet,
390 1785 435 1846 ut
455 1767 611 1848 minore
629 1794 745 1874 aquae
767 1768 888 1877 copia
909 1767 1058 1849 fluente
1078 1797 1151 1879 per
1168 1767 1306 1850 lumen
1315 1763 1468 1847 aruum
1483 1763 1553 1849 FB
1573 1791 1699 1880 quam

176 1897 297 1958 antea
316 1903 388 1986 per
408 1875 520 1974 MR,
547 1906 653 1988 aqua
668 1875 787 1988 supra
803 1879 1018 1964 seetonem
1040 1881 1129 1964 ΜΒ
1152 1877 1392 1963 intumescat
1411 1875 1566 1974 sensim,
1576 1895 1700 1986 atque

170 1979 315 2070 sensim
325 1987 548 2088 attollatur,
556 2019 686 2104 usque
702 1993 805 2074 dum
823 2021 929 2103 aqua
946 1993 1200 2105 superficiem
1211 2013 1438 2074 manentem
1449 1987 1531 2072 ΡΝ
1537 1991 1700 2100 adepta

106 2109 115 2128 ⁶
171 2093 245 2196 sit,
258 2128 343 2208 quo
361 2099 453 2185 casu
472 2124 629 2186 tantum
639 2131 754 2214 aquae
766 2103 867 2188 fluet
874 2135 947 2217 per
958 2105 1093 2189 lumen
1107 2107 1195 2202 FB,
1207 2124 1404 2213 quantum
1425 2124 1518 2185 ante
1527 2101 1700 2186 fluxerat

172 2216 259 2322 per¹
271 2215 359 2296 ΜΒ
381 2223 422 2296 &
444 2239 647 2325 quantum·
663 2245 736 2326 per
757 2219 984 2324 quamlibet
1004 2219 1124 2300 aliam
1142 2215 1450 2304 sedtionemPR
1471 2215 1587 2312 fluit,
1598 2213 1698 2296 alio-

174 2325 252 2434 qui
271 2324 500 2438 superficies
523 2329 606 2412 ΡΝ
628 2355 789 2413 manens
808 2356 890 2412 non
909 2328 1016 2414 effet.
1046 2329 1260 2414 ..Sed‘eam
1323 2330 1480 2410 onimus
1509 2327 1586 2410 effe
1614 2353 1706 2432 mag

176 2433 367 2546 nentem,
393 2463 442 2559 ut
459 2441 550 2530 lane
568 2441 622 2524 ad
639 2442 761 2524 talem
780 2440 926 2532 statum
947 2441 1245 2528 denecellrtate
1275 2358 1319 2524 ζ
1344 2439 1568 2550 aliquando
1586 2467 1697 2520 com·

168 2571 302 2662 ponet
314 2597 325 2646 3
354 2549 551 2660 quotasu
573 2579 720 2660 corpus
740 2581 856 2662 aquae
879 2553 1044 2638 PRNB
1065 2576 1258 2664 tanquam
1280 2553 1419 2664 amplo
1436 2551 1606 2636 castello,
1629 2549 1699 2633 seu

168 2661 435 2770 receptaculo
465 2661 619 2743 inclusa
641 2661 880 2746 considerari
896 2665 1054 2776 potest,
1073 2665 1143 2748 eui
1164 2687 1322 2750 tantum
1343 2691 1458 2776 aquae
1477 2665 1616 2748 influit
1632 2663 1697 2746 su-

168 2799 299 2886 perne
319 2802 392 2886 per
413 2773 507 2872 PR,
517 2794 714 2884 quantum
725 2775 864 2858 effluit
913 2777 1109 2862 etlumen
1132 2779 1215 2862 FB.
1247 2781 1388 2888 Atque
1408 2779 1518 2860 hisce
1531 2781 1700 2888 jampo-
1738 2785 1740 2789 ’
1784 2817 1795 2838 ·

170 2886 258 2968 litis
283 2885 463 2970 calculus
483 2885 599 2969 facili
608 2805 1097 3002 negotioabsollreturpro
1106 2891 1326 2988 obtinenda
1336 2891 1564 3000 quantitate
1582 2914 1700 2996 aquae
1812 2983 1814 2986 ¹

169 2996 1781 3116 fflmfflmmmmmwmmfflMMme2

119 3127 121 3132 ·
171 3117 217 3190 &
237 3111 344 3196 circa
363 3140 480 3196 axem
501 3113 585 3196 NB
604 3113 798 3224 parabola
819 3113 1023 3226 descripta
1049 3109 1301 3226 intelligatur
1321 3111 1366 3196 N
1373 3113 1469 3222 SQ,
1497 3113 1699 3223 cujuspa-

164 3213 346 3324 rameter
356 3247 385 3340 p
404 3225 452 3308 sit
466 3231 556 3310 :ai
567 3259 576 3310 :
588 3226 794 3310 rretentis
811 3223 1324 3344 sympolis‚quaesupra(,§.
1337 3221 1698 3340 401.)fignifican;

168 3343 250 3420 te-a'
269 3335 396 3445 smum
416 3339 557 3452 anguli
579 3337 856 3422 observatione
879 3341 966 3422 dati
986 3340 1068 3422 ΡΝ
1073 3340 1132 3438 Β,
1159 3364 1182 3421 r
1201 3339 1329 3432 finum
1351 3361 1485 3419 totum
1505 3343 1545 3418 ὃ(
1567 3365 1699 3420 acam

165 3447 1699 3566 mwmfflmfflwmmmmmfflmffimmmstUm

170 3562 506 3670 de‚quia·etiam
521 3559 609 3643 BN
634 3569 674 3644 ὅ(
734 3563 777 3644 Ν
801 3564 867 3646 seu
885 3592 917 3648 z
939 3573 979 3647 &
1007 3590 1036 3643 x
1056 3590 1106 3645 ex
1137 3561 1417 3644 observatione
1443 3561 1547 3640 datae
1583 3555 1699 3658 sunt,

165 3675 382 3785 quantitas
402 3669 446 3785 Q
463 3699 578 3783 aquae
598 3703 669 3785 per
688 3676 824 3758 lumen
846 3677 918 3761 FB
942 3673 1139 3764 effluentis
1152 3679 1270 3786 juxta
1301 3698 1481 3755 normam
1510 3695 1706 3784 paragra:

161 3790 250 3899 phi
270 3791 364 3896 406.
387 3784 510 3868 facile
531 3787 690 3868 calculo
706 3787 961 3874 subducetur.
1257 3873 1265 3890 ,
1363 3811 1368 3818 ’
1598 3819 1610 3850 ⁸

229 3901 280 3983 In
302 3897 650 4012 Proposrtionibus
678 3903 1002 4010 precedentibus,
1017 3889 1367 3988 *confideravimus
1399 3917 1453 4012 ut
1477 3896 1699 4008 plurimum

167 4033 312 4096 motus
333 4041 528 4124 aquarum
544 4035 742 4124 ‘tanquam
761 3996 962 4099 liberrime
972 4013 1108 4098 ‘fauos
1128 4017 1278 4124 absque
1298 4011 1381 4104 ulla
1401 4009 1618 4094 resistentia
1644 4039 1696 4092 ex

81 4212 92 4236 .
164 4123 441 4208 frittionibus.
471 4127 642 4226 Verum,
652 4127 749 4237 quia
769 4155 883 4238 aquae
903 4131 944 4235 in
966 4125 1186 4212 fluviorum
1205 4127 1339 4234 alveis¹
1351 4127 1607 4210 decurrentes
1629 4152 1698 4206 va·

164 4235 255 4319 'rias
276 4234 507 4321 resistentias
530 4240 552 4319 d
572 4239 703 4322 fundo
722 4235 762 4320 δὲ
781 4239 947 4350 spondis
967 4217 1158 4335 subeunt„
1172 4237 1372 4349 ejusmodi
1392 4233 1700 4318 refistentiarum

163 4349 346 4432 omnino
366 4351 692 4450 ratiohabenda,
720 4371 844 4460 atque
862 4355 904 4436 in
925 4355 1044 4436 certis
1076 4349 1380 4434 resistentiarum
1412 4346 1699 4464 lrypothefibus

160 4463 423 4656 pelocitates
444 4459 689 4572 fingulorum
709 4461 877 4576 alicujus
906 4459 1104 4550 sedlionis¹
1121 4455 1364 4574 punstorum
1385 4457 1697 4546 determinandae
1863 4557 1865 4562 Ι

189 4599 278 4660 unt.
294 4609 309 4640 ·'
1387 4605 1394 4618 ‘

924 4781 1026 4915 bg·
1164 4743 1219 4928 ‘A
1444 4758 1447 4766 ¹
1536 4791 1697 4880 PRO·
