4214 5416
412 245 491 352 178
537 172 894 331 trevisinus
925 268 994 332 ετ
1021 215 1287 331 Moeri-ui
1316 213 1644 332 Conposuit.
1675 204 1836 330 Lissi.

407 387 564 496 ratione
590 385 908 490 diametrorum,
935 391 1039 476 aded
1068 411 1116 472 ut
1145 389 1207 472 hae
1238 387 1482 472 variationes
1510 386 1554 466 in
1575 383 1786 468 infinitum
1802 388 1937 500 magis

408 503 622 615 magisque
637 501 838 586 sensibiles
861 505 978 588 reddi
995 523 1159 615 queant.
1207 501 1289 586 Sed
1307 501 1407 613 quia
1422 499 1562 612 praxis
1582 497 1681 581 talia
1697 493 1853 610 semper
1870 505 1933 583 in-

318 642 323 657 ·
376 699 380 705 ,
407 615 626 697 commoda
644 613 778 698 seeum
797 618 954 702 trahere
974 615 1190 727 solemque
1211 615 1377 699 theorice
1395 611 1616 697 successum
1634 608 1849 696 difficilem
1865 613 1933 698 es·

408 724 574 827 ficiam,
602 727 729 814 nimia
754 727 810 812 est
841 728 1038 842 fugienda
1066 725 1334 812 horizontalis
1353 727 1454 810 rami
1472 723 1678 838 angustia,
1706 725 1806 835 quia
1832 728 1933 812 abiis

410 837 558 958 pressio
577 839 770 924 nonsatis
789 842 1006 926 commode
1027 843 1114 954 agit
1123 841 1166 923 in
1177 843 1277 926 tubo
1286 839 1602 952 valdeangusto,
1614 865 1688 920 nec
1698 838 1742 919 in
1758 865 1809 922 eo
1820 839 1933 924 Mer·

408 953 545 1036 curius
575 948 698 1036 facile
725 976 924 1038 movetur.
981 953 1251 1038 Horizonrali
1280 955 1408 1066 igitur
1437 981 1549 1036 ramo
1567 954 1642 1035 vix
1661 952 1935 1078 minorqquam

407 1065 528 1146 unius
538 1063 664 1148 alinea
685 1067 880 1152 diameter
897 1070 1023 1151 tribui
1041 1069 1174 1152 debet.
1190 1068 1424 1178 Propterea,
1431 1067 1527 1148 loco
1537 1065 1836 1177 imminutionis
1855 1071 1942 1176 ejus.

407 1177 623 1275 diametri,
641 1179 773 1263 *satius
805 1179 862 1263 est
891 1181 1127 1265 verticalem
1156 1207 1312 1262 ramum
1340 1179 1506 1290 majoris.
1531 1175 1819 1289 amplitudinis
1838 1179 1936 1262 alsu-

412 1315 543 1389 mere,
571 1317 654 1372 non
684 1293 854 1402 quidem
881 1319 953 1404 per
984 1314 1113 1376 totam
1143 1297 1241 1402 ejus»
1256 1291 1580 1402 longitudinem,
1609 1289 1679 1372 sed
1710 1295 1934 1378 tantumin

263 1415 379 1504 sinii}
410 1400 663 1500 summitate,
691 1405 881 1489 addendo
900 1403 1055 1490 scilicet
1073 1407 1175 1488 tubo
1197 1403 1302 1500 ΒΜ,
1313 1406 1389 1513 qui
1405 1402 1585 1513 ejusdem
1610 1431 1658 1486 ae
1686 1401 1729 1482 in
1758 1403 1936 1514 vulgaria
1986 1458 1999 1488 .

409 1515 483 1599 bus
506 1512 740 1600 barometris
762 1515 950 1602 crassitiei
969 1517 1046 1600 eise
1064 1515 1222 1630 potest,
1249 1515 1453 1627 capsulam
1471 1515 1646 1604 vitream
1665 1513 1758 1596 AM
1769 1515 1835 1614 ,in
1854 1545 1936 1626 qua

407 1628 640 1714 Mercurius
663 1633 832 1740 perinde
849 1659 896 1713 ac
917 1633 960 1713 in
982 1631 1169 1743 Hugenii
1187 1631 1394 1742 geminato
1412 1625 1630 1710 descendet
1648 1648 1774 1737 atque
1800 1627 1930 1712 ascen-

407 1741 491 1824 det.
549 1743 707 1828 Verum
726 1743 923 1826 existente
942 1745 1017 1827 liae
1036 1741 1200 1854 capsula
1220 1741 1341 1826 valde
1362 1741 1477 1838 laxa,
1504 1739 1669 1854 insignis
1690 1739 1793 1824 rami
1822 1742 1930 1825 hori-

406 1853 584 1938 zontalis
602 1855 844 1968 longitud0,
857 1881 948 1967 quae
970 1859 1049 1960 hoc
1070 1853 1162 1938 casu
1182 1851 1424 1966 requiritur,
1451 1852 1760 1938 instrumentum
1790 1855 1937 1940 incon‘-

404 1965 572 2050 cinnum
592 1967 764 2078 usuique
783 1995 927 2080 parum
945 1969 1298 2053 accommodatum
1319 1967 1514 2079 redderet
1524 2023 1538 2064 ,
1566 1964 1638 2048 nisi
1667 1967 1930 2051 incommodo

403 2077 471 2161 isti
520 2102 728 2192 romptum
747 2082 842 2166 esset
859 2082 1083 2164 remedium
1092 2137 1106 2178 ,
1125 2079 1438 2190 contorquendo
1457 2107 1612 2160 ramum
1631 2079 1927 2164 horizontalem

405 2191 449 2272 in
470 2110 657 2304 sgiralem
677 2194 745 2276 vel
761 2221 936 2306 quoquo
953 2195 1036 2278 alio
1054 2192 1178 2275 modo
1197 2193 1240 2274 iii
1260 2193 1393 2274 minus
1413 2181 1591 2302 spatium
1609 2191 1835 2303 redigendo
1858 2193 1926 2276 fle·

365 2307 369 2318 '
404 2307 517 2386 xuris
536 2305 632 2398 illis,
646 2331 746 2415 quas
767 2307 897 2418 figiira
911 2305 1177 2416 78.exhibet,·
1205 2305 1431 2389 dummodo
1448 2303 1511 2386 hae
1541 2305 1704 2388 flexura
1724 2315 1864 2388 omnes
1885 2308 1925 2388 ia
1961 2385 1968 2398 ,

404 2417 548 2500 eodem
568 2416 693 2527 pl'ano
711 2418 963 2503 horizontali
981 2417 1165 2503 existant.
1193 2451 1197 2456 ·
1675 2469 1678 2476 Δ
1910 2439 1915 2447 “

459 2530 530 2612 Ad
549 2531 869 2616 commodiorem
888 2533 1005 2642 hujus
1023 2532 1249 2640 Barometri
1261 2529 1325 2612 im
1357 2529 1549 2612 lotionem
1569 2547 1651 2610 non
1679 2528 1748 2610 abs
1780 2557 1822 2612 re
1836 2527 1925 2614 sore

402 2661 520 2723 notat
540 2641 698 2741 Auror,
725 2642 755 2725 si
775 2671 907 2728 ramus
925 2642 1270 2758 perpendicularis
1292 2555 1366 2722 Ab
1389 2643 1431 2722 in
1451 2643 1650 2752 exiguum·
1663 2639 1854 2726 tubulum
1880 2646 1923 2725 in

365 2822 368 2830 .
404 2751 648 2868 Lapertum
669 2756 844 2855 desinat,
870 2757 928 2840 ita
956 2779 1004 2838 ut
1034 2783 1107 2867 per
1134 2761 1217 2866 ejus
1245 2753 1450 2836 orificium
1470 2755 1681 2866 argentum
1700 2755 1843 2838 vivum
1863 2756 1925 2838 in.

402 2861 524 2951 fundi
543 2867 688 2978 possit,
715 2870 815 2952 dum
836 2869 1162 2970 orificiumrami
1179 2867 1448 2956 horizontalis
1470 2863 1795 2964 C,obstru&um
1815 2889 1926 2954 tene-

289 3083 291 3088 ·
404 2999 483 3062 tur.
512 2977 722 3064 Ambobus
741 2985 860 3066 ramis
878 2983 959 3069 hoc
980 2976 1301 3093 pabloimpletis
1330 2979 1536 3062 orificium
1566 2977 1601 3058 L
1630 2977 1847 3062 hermetice
1866 2981 1925 3064 est

401 3089 663 3204 sigillandum
675 3096 1162 3204 &obturamentumquo
1170 3092 1376 3176 orificium
1395 3093 1436 3174 G
1456 3089 1730 3176 obstruebatur
1738 3091 1926 3188 ,demenss

400 3205 525 3302 dum,
552 3225 600 3285 ut
619 3225 829 3316 argentum
850 3209 994 3292 vivum
1026 3207 1069 3286 in
1098 3203 1283 3288 verticali
1297 3204 1412 3285 vtubo
1442 3205 1517 3286 AB
1547 3201 1601 3286 ad
1624 3201 1860 3311 'consuetam
1886 3209 1926 3288 in

404 3317 750 3400 communioribus
778 3318 1012 3402 barometris
1042 3316 1302 3400 altitudinem
1332 3312 1373 3397 se
1399 3316 1620 3400 demittere·
1633 3313 1752 3427 possit
1770 3314 1927 3400 scilicet

401 3428 457 3512 ad
474 3431 692 3514 terminum
705 3417 778 3529 D,
806 3439 848 3514 &
867 3460 919 3514 ex
939 3421 1188 3514 horizontali
1206 3457 1317 3510 ramo
1333 3425 1559 3541 superfluus
1579 3427 1742 3514 effluere
1761 3429 1925 3542 hydrar-

403 3567 553 3658 gyrus,
583 3541 652 3625 sed
661 3547 759 3655 quia
777 3543 852 3628 hac
872 3545 1028 3627 ratione
1045 3543 1190 3647 ramus]
1197 3541 1465 3625 horizontalis
1475 3541 1675 3626 Mercurii
1691 3541 1838 3654 plenus
1846 3551 1925 3624 mass

160 3743 172 3750 ,ἱ
404 3655 541 3754 nebit,
568 3653 754 3741 ludione
766 3685 858 3769 pars
879 3662 961 3770 ejus
980 3657 1225 3742 conveniens
1244 3653 1300 3737 est
1320 3655 1536 3738 adimenda·
1552 3653 1621 3740 vel
1647 3651 1845 3738 beneficio
1862 3656 1925 3738 tus

273 3789 278 3794 ·
404 3765 448 3846 bi
466 3767 671 3878 capillatis
687 3770 912 3880 ampullula
929 3768 1110 3852 instrasti
1119 3789 1235 3879 ,quae
1255 3765 1448 3852 calefasla
1465 3789 1590 3877 atque
1607 3768 1709 3850 tubo
1737 3766 1929 3854 horizon,

402 3875 479 3958 tali
498 3879 648 3962 intrusa
665 3901 790 3991 atque
807 3883 851 3962 iri
870 3911 920 3965 eo
940 3879 1199 3993 refrigescens
1212 3879 1468 3963 Mercurium
1497 3879 1540 3961 in
1565 3878 1682 3980 ¹suain
1708 3879 1928 3964 cavitatem

403 3990 567 4120 trahet..
618 3993 713 4076 Hac
742 3993 898 4076 ratione
928 3995 1197 4078 barometrum
1229 3991 1501 4078 construam
1531 3989 1704 4108 usuique
1744 4014 1930 4105 paratum

405 4123 496 4186 erit.
685 4171 690 4180 .
729 4137 733 4144 ·
1016 4119 1020 4128 “
1423 4169 1426 4178 i
1573 4135 1579 4147 ‘
1621 4151 1628 4166 ·
1725 4153 1728 4158 ·
1795 4150 1800 4158 ·

284 4213 292 4221 ’
385 4247 387 4252 ’
463 4215 669 4301 Caeterum
688 4246 770 4302 non
789 4215 935 4302 inutile
954 4217 1099 4320 suerit,
1120 4220 1150 4304 si
1168 4220 1287 4303 tubus
1308 4218 1512 4302 verticalis
1531 4216 1574 4299 iri
1593 4217 1802 4329 loco,quo
1819 4219 1925 4304 hori·
1984 4241 1998 4268 ·

404 4329 563 4410 zontali
576 4331 784 4444 jungitur,
810 4331 961 4444 exigua
980 4353 1194 4420 curvatura
1212 4330 1333 4415 instar
1351 4331 1600 4441 receptaculi
1620 4331 1667 4415 H
1686 4331 1903 4416 instruatur
1914 4391 1930 4432 ,

301 4528 305 4535 ,
403 4441 458 4523 ad
477 4441 792 4553 impediendum,
805 4447 856 4528 eii
877 4445 1127 4530 horizontali
1144 4448 1187 4527 in
1203 4443 1439 4530 verticalerii
1458 4469 1613 4528 ramum
1644 4445 1747 4527 se'ris
1778 4446 1932 4557 ingres-

399 4549 487 4637 sum
497 4611 512 4653 ,
539 4551 570 4638 li
589 4557 755 4668 quando
776 4555 1075 4644 horizontalem
1094 4558 1203 4642 forte
1213 4555 1442 4642 Mercurius
1453 4555 1747 4654 deficeret,aut
1766 4550 1932 4644 sortasse

399 4668 525 4772 :tiata
544 4693 598 4785 ex
616 4669 1035 4784 nimiastmospiiaerae
1053 4670 1251 4784 preffione
1269 4669 1341 4756 seu
1360 4671 1384 4754 a
1401 4670 1697 4758 vibrationibus
1724 4669 1932 4758 Mercurii

368 4813 371 4820 ⁴
1187 4830 1193 4842 ,
1302 4829 1314 4848 ·
1697 4827 1701 4832 ’
1877 4811 1934 4870 ex
