4214 5416
283 269 363 356 Di
394 250 642 355 Vixisus
673 261 1044 352 an·Moriaus
1073 263 1585 361 Caniniumbiadl.
1619 276 1694 358 181

239 405 295 490 11.
325 405 394 488 Ab
411 402 845 488 eodeniadiisesatere
872 401 1010 511 phiala
1036 406 1167 498 vitrea
1184 407 1415 490 tenuiorum
1442 409 1642 520 parietum
1661 413 1711 490 dc·
1792 457 1801 476 ·
1920 465 1925 495 i

215 519 311 602 robe
328 515 529 600 obstructa
548 517 591 602 in
611 515 832 626 recipiente
860 515 913 598 ab¹
937 527 1028 599 aere
1056 534 1254 602 evacuato
1284 519 1327 600 in
1353 520 1509 602 minuta
1538 519 1707 604 subinde

183 543 412 742 isagmenta
428 627 571 718 dissilit
580 675 593 728 ς
621 636 663 712 bc
682 627 787 710 huicv
800 626 929 710 simile
949 629 1260 738 phaenomenum
1280 629 1439 714 bibulos
1458 631 1708 741 quandoque
1790 697 1796 706 .

184 761 331 841 terret,
359 771 456 826 cum
473 739 706 854 generosum
723 741 816 823 vini
834 738 1020 824 haustum
1038 739 1171 827 facere
1190 743 1372 828 volentes
1393 743 1578 854 lagenam
1596 742 1708 826 suam

187 855 362 940 vitream
383 853 627 940 hiscentibus
656 851 777 936 labris
804 871 895 936 tani-
916 853 1025 936 arete
1053 855 1296 956 admoverit,
1322 876 1370 938 ut
1396 879 1479 968 piae
1510 877 1622 940 metu
1641 853 1716 938 vei
1801 942 1804 949 ,

186 970 317 1064 unius⁸
329 965 457 1050 solum
477 968 646 1052 neriam
673 964 736 1048 sui
762 985 891 1077 guttae
919 963 1148 1068 effusionis,
1175 967 1586 1084 communicationem
1612 966 1722 1054 aiiris

187 1081 348 1165 externi
365 1108 459 1164 cum
482 1109 546 1177 eo,
556 1080 631 1191 qui
648 1077 801 1190 lagenae
821 1075 939 1175 inest,
948 1077 1120 1176 tollant,
1140 1099 1264 1190 atque
1285 1080 1440 1165 strenue
1459 1078 1641 1194 sugendo
1660 1079 1722 1162 laa
1784 1118 1786 1133 =

189 1217 304 1304 genae
321 1203 389 1276 ae'r
407 1191 589 1290 arefiat,
616 1217 702 1300 quo
719 1189 769 1272 fit
779 1245 794 1288 ,
808 1211 855 1274 ut
874 1191 1121 1301 prevalente
1140 1195 1298 1276 externi
1318 1194 1420 1276 ae'ris
1441 1191 1642 1304 preffione
1660 1191 1720 1274 la-

190 1331 296 1416 gena
315 1305 360 1386 in
377 1301 550 1388 frustula
570 1323 824 1399 conteratur,
851 1310 890 1386 &
913 1331 1067 1388 merum
1087 1309 1236 1414 pereat.

249 1415 328 1500 111.
358 1416 441 1502 Vis
455 1415 618 1509 clastica
635 1417 737 1498 aeris
760 1415 954 1526 probatur
972 1417 1097 1501 etiam
1115 1416 1395 1528 experimento
1415 1413 1722 1524 hemispherio·

190 1555 280 1614 ium
299 1555 500 1612 aeneorum
511 1586 525 1626 ,
545 1556 636 1638 quae
655 1528 805 1614 educto
823 1553 876 1610 ex
894 1555 1034 1610 eorum
1053 1530 1229 1612 cavitate
1249 1535 1361 1626 ac're,
1388 1548 1471 1610 tam
1501 1526 1721 1638 pertinaci·
1822 1553 1832 1570 ⁸

193 1660 256 1726 ter
272 1639 345 1725 sibi
364 1642 542 1724 invicem
560 1641 763 1724 adhaerere
781 1640 1101 1750 comperiuntur,
1110 1661 1157 1722 ut
1175 1641 1363 1724 maximis
1383 1640 1507 1722 etiam
1528 1639 1738 1750 pondere--

166 1804 176 1820 ·
192 1752 268 1836 bus
288 1751 612 1862 ipsis-appensis,
632 1750 700 1833 vel
718 1752 761 1832 in
778 1749 984 1861 oppositas
1003 1772 1139 1862 partes
1159 1753 1433 1850 trahentibus,
1453 1753 1527 1834 vix
1549 1747 1725 1861 separari

99 1885 110 1902 ·
192 1861 371 1974 possint,
400 1887 492 1972 quae
524 1884 657 1950 tamen
686 1863 789 1946 ae'ris
818 1863 939 1974 plena
966 1863 1082 1948 nullo
1111 1861 1238 1950 ferme
1272 1863 1441 1977 negotio
1467 1865 1519 1948 ab
1545 1863 1726 1948 invicem
1820 1897 1823 1908 ·

192 1975 488 2062 diducuntur,

255 2091 347 2198 326.
376 2089 566 2186 Verum,
609 2085 812 2180 recensitis
844 2087 1134 2199 experimentis
1165 2117 1246 2172 non
1277 2087 1552 2187 obstantibus,
1580 2091 1635 2173 D.
1650 2091 1727 2175 Pa-

197 2222 288 2282 rent
308 2198 601 2284 Elasticitatem
620 2201 724 2285 aeris
743 2201 786 2282 in
807 2199 992 2284 Historia
1012 2201 1142 2286 Acad.
1163 2204 1273 2313 Reg.
1298 2201 1421 2285 Paris.
1457 2203 1728 2287 scientiarum

195 2313 428 2399 Academia
454 2315 573 2420 1708.
603 2312 647 2396 in
665 2311 835 2396 dubium
856 2339 1003 2398 vocare
1023 2312 1131 2398 velle
1150 2313 1584 2414 videtur,s1Hist0riae
1606 2318 1730 2400 verba

195 2425 328 2508 obiter
348 2445 508 2525 tantum
527 2423 844 2534 expendanturs
860 2425 917 2510 ast
936 2435 1072 2508 te'xtus
1093 2425 1334 2538 diligentius
1356 2427 1561 2538 inspestus
1588 2429 1729 2539 postea

107 2589 111 2594 -
195 2535 446 2635 manifestat,
473 2537 662 2620 elaterem
682 2537 783 2620 ae'ris
803 2537 977 2624 insensu
997 2539 1243 2649 paragraphi
1264 2539 1534 2649 precedentis
1554 2567 1640 2622 non
1657 2543 1729 2626 de-

196 2652 349 2762 negari.
379 2649 494 2734 Nam
513 2644 646 2728 Autor
665 2647 790 2730 inodo
811 2649 1040 2732 nominatus
1060 2663 1220 2734 tantum
1242 2641 1364 2762 ne'gat
1386 2651 1605 2764 particulas
1624 2654 1730 2740 aeris

197 2761 488 2872 concipiendas
507 2757 585 2840 esse
605 2756 727 2872 instar
743 2757 994 2844 lamellarum
1013 2759 1263 2872 plicatilinm
1275 2763 1369 2861 ,vel
1397 2763 1519 2848 instar
1548 2764 1733 2848 filamen*

197 2891 334 2956 torum
354 2871 543 2982 inspiras
565 2889 842 2954 contortamm
855 2925 868 2968 ,
881 2881 921 2956 ὅτ
943 2872 1033 2955 sese
1043 2874 1183 2983 postea
1199 2876 1483 2958 evolventium
1493 2896 1587 2973 ,aut
1608 2876 1736 2960 ullius

203 2987 263 3067 rei
275 2983 400 3076 instar
419 2985 532 3067 hisce
560 2981 853 3092 equivalentis.
910 2985 992 3068 Sed
1015 3012 1082 3066 eas
1114 2985 1256 3096 potius
1285 3005 1483 3095 tanquam
1510 2984 1734 3072 moleculas

200 3083 505 3184 considerandas
525 3095 952 3193 arbitratur,mateiiae
972 3097 1286 3196 aethereae,ultra
1303 3121 1427 3209 quam
1449 3099 1624 3212 cogitari
1642 3097 1738 3212 pos·

201 3207 272 3308 sit,
290 3210 390 3294 exili
412 3217 453 3294 8(
473 3207 739 3321 agitatissima
760 3208 997 3292 innatantes.
1039 3207 1206 3296 idcirco
1229 3213 1350 3321 juxta
1369 3203 1580 3296 laudatum
1599 3212 1735 3298 aute

203 3349 289 3406 rem
309 3322 519 3406 moseculae
539 3326 662 3404 aereae
681 3339 798 3402 tanto
818 3321 947 3434 magis
969 3321 1020 3403 ab
1037 3321 1218 3406 invicem
1236 3321 1386 3406 distant
1397 3379 1413 3420 ‚
1438 3334 1479 3408 ὅτ
1490 3383 1504 3423 ,
1517 3327 1634 3436 quod
1652 3327 1736 3414 ela·-

201 3433 299 3515 teris
318 3433 491 3543 speciem
511 3459 594 3546 prae
615 3431 655 3514 se
676 3429 780 3514 ferre
799 3433 927 3528 dicit,
954 3451 1070 3516 tanto
1090 3435 1219 3546 magis
1243 3437 1269 3540 a
1293 3433 1335 3518 se
1362 3437 1542 3520 invicem
1572 3441 1734 3522 recede-

203 3569 247 3628 re
268 3553 487 3644 conantur,
516 3571 601 3654 quo
618 3543 887 3627 abundantior
907 3541 1031 3626 fuerit
1049 3547 1231 3630 'aetherea
1260 3548 1429 3629 materia
1448 3567 1607 3631 meatus
1632 3551 1737 3635 aeris

202 3658 469 3755 transfluens,
487 3663 527 3740 &
549 3683 634 3766 quo
654 3655 858 3765 pernicior
874 3659 960 3768 ejus
978 3677 1125 3738 motus.
1163 3655 1235 3739 Ab
1251 3657 1328 3740 hac
1359 3658 1468 3743 enim
1495 3659 1664 3742 materia
1682 3687 1736 3748 aea

202 3769 340 3855 therea
361 3770 447 3854 vim
467 3793 629 3882 ompem
648 3767 918 3864 derivandam·
930 3768 1008 3851 esse
1037 3787 1179 3880 putat,
1193 3771 1298 3878 ‘qua‘
1318 3769 1421 3855 ae'ris
1453 3769 1667 3856 moleculae
1691 3775 1738 3858 in

202 3882 475 3996 asia'corpora·
495 3907 613 3992 agere
630 3877 790 3988 poffint.
845 3879 911 3963 Ex
931 3881 1080 3991 quibus
1098 3881 1285 3964 omnibus
1316 3883 1476 3968 abunde
1506 3885 1642 3996 liquet
1663 3884 1736 3971 ci.

203 3995 350 4078 Parent
368 3995 622 4079 tendentiam
640 3989 753 4076 illam
782 3993 1074 4076 molecularum
1095 4004 1322 4094 a'e'reaium3
1344 4023 1427 4105 qua
1459 3996 1540 4080 ase
1557 3999 1737 4082 invicem

200 4105 407 4190 discedere
424 4127 644 4202 conantur,
658 4129 755 4199 non
774 4133 942 4218 negare,
963 4134 1037 4190 nec
1070 4107 1243 4217 proinde
1273 4110 1361 4192 viiii
1390 4107 1504 4192 illam
1533 4103 1738 4220 clasticam
1794 4137 1798 4152 ‘¹

199 4215 339 4302 nostro
357 4218 467 4301 sensu
486 4219 657 4301 sumtam
678 4216 723 4297 in
742 4217 1091 4302 dubium-vocare.
1121 4219 1188 4302 Ari
1207 4239 1343 4301 autem
1364 4219 1453 4307 haec
1472 4219 1733 4307 aerisElasti·
1811 4220 1817 4228 ’

198 4331 400 4431 citas,seu
423 4352 588 4416 conatus
610 4326 904 4440 particularum
923 4333 1007 4438 ejus
1030 4329 1114 4412 ise
1135 4331 1313 4412 invicem
1334 4332 1734 4446 recedendi,prove·

196 4445 289 4528 niat'
320 4445 371 4527 ab
406 4441 643 4526 clasticitate
673 4441 843 4552 propria
868 4441 1161 4551 particularum
1192 4441 1507 4551 compressurum
1518 4501 1532 4543 ,
1553 4455 1599 4530 δι’
1617 4446 1734 4530 deiri-

193 4583 297 4666 ceps-
310 4556 355 4640 in
374 4549 590 4666 pristinum
609 4551 755 4634 statum
775 4553 821 4636 se·
844 4551 1051 4638 restituere
1082 4554 1341 4638 molientium
1353 4555 1380 4654 ,'
1396 4585 1447 4640 an
1469 4585 1568 4640 vero
1598 4557 1655 4638 ab
1676 4583 1729 4638 a·

192 4669 307 4788 there
322 4667 611 4772 interfluente²
630 4663 868 4774 questiones
885 4665 985 4868 suni
1005 4665 1183 4783 physice
1193 4691 1310 4779 ,quae
1330 4667 1375 4760 iii
1393 4690 1617 4779 utramque
1634 4695 1731 4781 par-
1751 4722 1755 4729 -

427 4785 440 4805 “
722 4839 733 4856 -
865 4798 868 4803 ’
1016 4804 1038 4891 3
1350 4783 1355 4788 ’
1645 4801 1732 4868 teni
