4182 5414
145 323 176 362 ·
264 241 1731 393 Drvrtrrrusnr'Mon'r'r'us‘Corrorun.L1s:Il.127¹

198 409 350 534 pristas
371 419 453 502 noir
465 413 647 504 flamma
670 442 742 500 nec
761 377 933 499 aer-tint
952 395 1091 502 utheri
1111 419 1650 532 competit31deohaec'cor
1681 427 1724 505 ὅ.

197 560 242 616 ra
260 551 419 630 tanturn
440 527 684 636 fluida,non
703 531 809 612 vero'
822 528 984 641 liquida
1005 531 1214 632 dicuntur.
1272 531 1367 616 Nos
1395 533 1649 650 insequenti
1707 555 1726 620 s
1801 597 1805 607 «

196 645 321 729 etiarn
342 647 375 730 li
408 647 572 740 uorlb'us
590 637 713 730 fluidi
730 649 879 743 nomen
897 643 1119 740 tribuemus
1129 647 1254 758 ,quia
1281 672 1418 742 revera
1434 647 1615 762 liquores
1635 647 1728 733 sunt

195 759 386 870 corpora
426 759 543 844 ulda'T:
568 757 729 842 idcirco
779 759 783 766 ’
1245 761 1250 769 “
1365 855 1370 864 .
1799 825 1804 837 .

253 895 346 980 ²42·
373 869 518 957 We
537 867 777 988 krmo'g'unea,
807 869 874 953 seu
893 866 1136 1065 austrinum
1147 873 1299 984 grauia
1319 869 1424 972 sunt,
1435 895 1610 984 quorum
1630 873 1728 958 den·-

191 981 288 1085 srta's
307 977 803 1097 per'iiniuetsam'malsam
824 981 943 1065 uniso
964 983 1039 1066 nris
1061 982 1253 1082 est,adeo
1271 1003 1319 1066 ut
1346 987 1527 1098 pondera
1546 983 1728 1098 ipsorum
1803 993 1816 1064 .'

108 1102 111 1111 '
186 1089 380 1180 'absoluta
398 1095 532 1190 mallis
549 1101 689 1183 eorum
710 1095 1034 1210 'proportionalia
1050 1095 1147 1194 srnt..
1198 1095 1322 1180 Talia
1349 1097 1442 1183 sunt
1478 1099 1724 1212 praetuprot

195 1211 290 1320 pser
308 1209 446 1303 onioes
467 1209 647 1324 liquores
668 1201 782 1293 nobis
805 1209 989 1330 cogniti.¹
1121 1291 1124 1298 ,
1356 1213 1359 1218 ’
1397 1274 1412 1298 .

199 1345 208 1358 ·
256 1323 347 1435 243·
375 1321 662 1409 fluidahetero
684 1321 797 1420 'enam
815 1319 883 1404 seu
904 1320 1137 1432 dffmmiter
1148 1313 1315 1435 gratita,
1324 1321 1431 1422 sunt,
1441 1345 1615 1436 quorum
1627 1325 1725 1409 den·
1835 1351 1838 1356 ·

195 1431 291 1546 srtasf
308 1463 380 1550 per
400 1435 628 1520 universam
647 1352 770 1522 tluidi
789 1434 951 1518 mallum
971 1463 1054 1517 non
1074 1437 1214 1518 eadem
1236 1435 1293 1518 est
1313 1464 1387 1518 nec
1399 1431 1726 1548 proptereapon-

197 1545 295 1629 deta
315 1545 438 1632 fluidi
458 1549 587 1633 massis
606 1550 979 1664 proportionantur.
1009 1545 1117 1652 Tale
1134 1544 1310 1632 fluidum
1340 1547 1396 1630 est
1417 1549 1727 1658 athmosphaem,

197 1663 312 1770 cujus
340 1681 473 1774 partes
493 1663 773 1760 altiores,hoe
795 1661 852 1744 est
872 1664 896 1744 a
915 1681 1029 1744 terrae
1060 1643 1274 1772 superficie
1303 1663 1538 1744 remotiores
1560 1663 1727 1745 rariores
1868 1721 1871 1728 ·

197 1775 528 1884 comperiuntur3
558 1776 713 1876 etenim.
731 1775 1009 1888 experimenta
1034 1784 1128 1856 aera
1143 1774 1184 1861 in
1204 1775 1406 1875 montium
1427 1771 1648 1858 editioruni
1662 1779 1728 1885 ju·
1845 1782 1848 1788 ’
1878 1871 1892 1890 0

197 1885 263 1995 'gis
286 1887 475 1972 rariorem
497 1889 681 2000 produnt
701 1911 827 1998 quam
848 1889 890 1976 in
910 1885 1096 1978 vallibus.
1149 1885 1284 1973 Varia
1303 1913 1402 1970 uero
1421 1887 1726 1998 athmosphaerae

197 1997 414 2092 densrtates
435 2003 556 2084 variis
576 2001 694 2086 lineis
715 1999 891 2111 exprimi
910 1999 1073 2110 possunt
1084 2057 1098 2096 ,
1125 2021 1249 2110 atque
1269 1999 1366 2082 hinc
1385 1987 1622 2098 nascuntur,

247 2108 363 2224 '244'
393 2111 506 2198 urata
542 2112 769 2224 denfitatum
805 2115 1003 2222 cujusque
1042 2112 1078 2196 F
1080 2111 1186 2195 luidi
1220 2113 1481 2225 heterogenei
1511 2111 1567 2196 est
1597 2113 1728 2226 figura
1825 2151 1828 2156 ·

201 2222 447 2326 mixtilrjnea,
457 2229 570 2336 cujus
579 2224 997 2310 ordinata-horizonti
1006 2221 1205 2335 parallelae
1214 2221 1336 2308 lluidi
1345 2223 1580 2310 densitatem
1600 2254 1727 2340 expo-

197 2357 302 2418 nunt
328 2339 370 2434 in
396 2339 532 2450 planis
551 2339 658 2438 illis,
677 2341 720 2422 in
741 2339 890 2448 quibus
911 2338 1107 2438 ordinatas
1126 2337 1511 2442 existunt..1dcirco
1528 2342 1615 2425 axis
1644 2341 1727 2425 sca-

196 2445 272 2574 lae,
284 2447 487 2535 ordinatas
506 2451 560 2538 ad
581 2451 750 2567 angulos
773 2451 901 2536 restos
909 2450 1367 2562 excipienS,horizonti
1377 2453 1725 2564 perpendicularis

200 2581 324 2644 ent..
994 2573 999 2582 '
1348 2581 1350 2586 ·

257 2695 349 2784 245.
376 2667 556 2786 Denfitus
575 2675 697 2761 media
717 2669 1053 2788 cujusque'flui'di
1074 2672 1334 2788 heterogenei
1354 2671 1411 2758 est
1431 2673 1603 2762 denlitas
1632 2677 1723 2760 uni·
1787 2741 1796 2760 .
1860 2758 1865 2778 ,

199 2783 344 2874 formis
374 2788 543 2900 alicujus
573 2787 696 2880 fluidi
717 2789 995 2902 homogeneb
1017 2787 1133 2898 quod
1150 2786 1194 2870 in
1221 2789 1361 2872 eadem
1392 2785 1610 2872 altitudine
1629 2817 1722 2874 cum
1812 2872 1818 2883 ,

199 2893 812 3091 ξιιίᾀοῖιεῑεῑοςεῐιεοέαηάεμι
832 2900 1049 3012 pressuram
1067 2925 1228 2981 exerere
1244 2900 1353 2992 valet
1373 2899 1415 2978 in
1434 2893 1723 3006 subjestum'sk

229 3009 243 3089 l
263 3009 431 3122 planum
450 3010 707 3096 horizontale
729 3039 778 3094 ac‘
795 3007 971 3100 fluidum
993 3008 1316 3124 heterogene'um.
1330 3006 1450 3092 Talis
1461 3009 1604 3102 media
1624 3014 1723 3100 den-

200 3117 291 3219 sitas
311 3123 530 3220 innotescit
548 3121 803 3326 applicandtp
816 3153 946 3216 aream
965 3117 1079 3220 scalae
1092 3119 1333 3206 densitatum
1345 3123 1615 3233 adejusaxenr
1629 3123 1721 3226 ,seu
1798 3177 1801 3184 ·

102 3269 109 3280 ·
197 3227 321 3332 fluidi
337 3235 598 3332 altitudinem
617 3233 735 3350 super
756 3265 785 3350 p
804 3267 896 3338 ano,
908 3235 1023 3350 quod
1040 3237 1129 3351 eju.
1143 3235 1360 3348 pressuram
1382 3235 1500 3318 subit.
1723 3322 1731 3336 x

257 3349 354 3452 246:
368 3349 493 3442 'Scalia
505 3347 729 3466 prffonum
762 3345 829 3437 seu
842 3353 1157 3472 gravitatirnum
1185 3347 1358 3462 liquoris
1379 3349 1639 3462 heterogenei
1665 3349 1723 3444 est

166 3473 170 3478 '
197 3457 229 3541 fi
263 3484 265 3486 ·
291 3487 347 3558 ra,
360 3466 469 3571 cujus
490 3463 685 3558 ordinatae
696 3461 909 3592 exponunt
929 3462 1217 3586 gravitationes
1237 3452 1515 3574 setr‘pressuras
1536 3457 1657 3550 fluidi
1672 3463 1722 3554 'in'

198 3591 230 3680 p
249 3599 324 3653 ana
344 3571 614 3658 horizontalia
633 3585 844 3672 exercitas,
856 3577 898 3656 in
919 3575 1066 3685 quibus
1087 3574 1281 3664 ordinata
1300 3571 1438 3685 polita
1449 3571 1541 3657 sunt
1553 3630 1566 3668 ‚
1578 3569 1727 3660 auseis..

198 3681 250 3765 sae
271 3711 370 3788 vero
388 3687 584 3770 ordinatis
606 3686 891 3798 respondentes
909 3687 1118 3801 designant
1143 3685 1349 3772 distantias
1369 3682 1606 3796 planorum,
1627 3677 1720 3794 quae'
1779 3706 1783 3714 '
1830 3691 1837 3704 “

198 3789 414 3910 ptessiones
434 3797 603 3880 subeunt
625 3802 647 3885 a
668 3793 853 3910 suprema
873 3799 1045 3914 liquoris
1063 3793 1288 3911 superficie}
1338 3795 1718 3918 Scala'prefflonum
1816 3825 1853 3888 st
1924 3859 1929 3868 .

201 3909 325 4006 etiam
344 3910 507 4006 definiri
555 3911 677 4010 osset,
698 3912 818 4037 quod
837 3909 886 4002 lit
907 3914 1145 4024 quadratrix
1164 3909 1279 3995 scalae
1298 3909 1539 3994 densrtatum
1552 3955 1564 4010 3
1626 3940 1721 3994 uan-
1831 3903 1851 3987 ’.

197 4019 425 4138 doqujdem
446 3939 707 4156 postpmodum
738 4023 834 4136 (§.2
856 4025 934 4140 '8.)
965 4021 1301 4122 demonstrabitur
1328 4053 1436 4106 areas
1456 4023 1570 4106 scalae
1590 3939 1726 4127 dent-j

196 4151 330 4330 {ptum
351 4133 582 4254 homologis
602 4139 800 4226 ordinatis
820 4135 934 4232 scala
958 4139 1276 4250 grauitationum
1297 4133 1622 4250 proportionales
1633 4137 1724 4252 elui-¹
1798 4180 1801 4186 ·

236 4259 317 4330 ere.'
508 4263 530 4300 -’
694 4295 697 4301 -
789 4252 851 4284 ’”“
965 4262 970 4272 “
1563 4257 1566 4264 ’
1645 4251 1704 4268 ’“

258 4383 352 4470 247.
381 4355 569 4472 Liquores
585 4367 627 4449 in
637 4363 750 4476 flatu
768 4377 958 4460 manente,
993 4359 1060 4446 seu
1078 4364 1119 4444 in
1138 4357 1350 4474 aequilibrio
1378 4354 1561 4476 cunfistere
1578 4359 1723 4442 dicum
1826 4395 1829 4408 ·

199 4493 290 4572 tur,
316 4499 411 4566 curn
432 4475 541 4558 nulla
559 4475 732 4587 liquoris
753 4503 843 4597 pars
862 4462 1090 4566 *terrarum
1110 4474 1269 4555 astione
1289 4466 1364 4560 srtu
1384 4466 1456 4552 suo
1475 4469 1721 4582 expellitur,

200 4583 274 4667 sed
292 4607 582 4780 omnesfipattes
613 4585 826 4675 ‘erfettum
845 4586 951 4670 inter
972 4587 1011 4670 se
1030 4586 1302 4701 aequilibriunr
1325 4583 1493 4667 servant.

201 4701 216 4710 ”
258 4699 350 4806 248.
379 4697 428 4782 In
460 4698 651 4821 nitesrmae
672 4701 786 4812 plani
805 4701 1002 4809 cujusque
1018 4719 1087 4784 aut
1108 4701 1230 4786 etiam
1252 4693 1481 4808 superficiei
1511 4691 1721 4803 particulae

723 4895 725 4898 ,
1637 4831 1725 4916 gra-
