4182 5414
366 227 422 338 da
475 195 1829 392 DullrnrsusnuMotrsusConsonunrltnd..

745 453 1366 588 §.onounanr'un
1424 455 1570 550 IV.-

371 675 380 684 “
427 687 518 770 140.
549 659 665 746 Hine
684 663 854 746 mobilia
872 662 1128 746 ascendentia
1145 687 1249 745 cum·
1261 649 1534 742 celeritatibus
1553 653 1777 741 initialibus
1800 658 1913 772 qui·-⁴

367 775 607 884 buscunque
626 773 843 857 succeffive
861 801 999 857 omnes
1021 769 1239 858 celeritatis
1260 769 1406 880 gradus
1425 765 1583 850 servant
1610 767 1653 850 in
1682 764 1765 849 illis
1794 768 1895 880 ipsis

365 881 482 967 lineae
501 887 779 996 percurrenda
799 885 974 996 punitis,
985 887 1029 966 in
1049 885 1198 995 quibus
1218 880 1402 963 cadendo
1422 877 1495 962 hos
1507 877 1725 962 celeritatis
1744 883 1894 992 gradus

122 995 125 1002 ’
257 1067 261 1074 .
369 997 680 1106 acquisiverunt
710 999 779 1081 Sic
798 998 950 1080 mobile
970 1015 1064 1080 cum
1082 995 1288 1100 celeritate
1307 989 1353 1106 ᾖ(
1363 989 1565 1073 ascensum
1575 991 1618 1072 in
1639 1021 1657 1075 e
1676 992 1894 1102 incipiens,

368 1109 413 1189 in
434 1103 601 1218 reliquis
622 1108 743 1220 spatii
764 1097 824 1195 eA‘
843 1108 1007 1192 ascensu
1030 1101 1281 1190 conficiendi
1312 1103 1473 1214 punslis
1494 1101 1528 1184 E
1539 1160 1552 1200 ,
1581 1103 1639 1199 Ρ,
1667 1104 1708 1184 A
1733 1105 1895 1190 easdem

372 1219 596 1304 celeritates
618 1223 787 1320 retinet,
815 1225 979 1332 quasin
997 1221 1152 1331 punsto
1172 1219 1211 1300 A
1233 1213 1368 1298 casum
1389 1215 1583 1298 inchoans
1611 1213 1800 1300 descensu
1821 1215 1898 1330 suo'

252 1399 254 1402 .
368 1331 592 1415 accelerato
617 1333 913 1442 acquisivisset,
931 1336 974 1415 in
994 1333 1140 1415 iisdem
1160 1329 1322 1443 punstis
1344 1325 1502 1409 scilicet
1514 1383 1527 1425 ,
1548 1326 1774 1410 celeritates
1794 1327 1896 1434 EF,

370 1441 452 1526 PV
472 1449 512 1526 &
536 1473 574 1524 o.
614 1447 743 1556 Quod
763 1447 886 1530 etiam
906 1447 959 1528 de
978 1445 1124 1528 mobili
1143 1445 1188 1524 in
1208 1467 1334 1526 curva
1353 1437 1503 1524 MON
1524 1435 1755 1524 ascendenti
1774 1441 1895 1526 intel-

372 1553 590 1664 ligendum
608 1555 676 1637 est.

766 1685 1381 1768 Conounanrun
1437 1679 1494 1766 V.

431 1903 520 1984 141.
548 1877 666 1963 Hinc
686 1877 810 1960 etiam
831 1877 876 1958 in
896 1878 1009 1962 omni
1029 1875 1205 1988 possibili
1224 1874 1893 1992 solicitationum'centraliumhy-

372 1988 532 2098 pothesi
542 2035 555 2088 3
583 2011 734 2104 corpora
753 1985 857 2074 reli)
875 1993 918 2072 in
934 1987 1056 2072 altum
1075 1987 1247 2085 latu,vel
1263 1992 1305 2070 in
1324 1991 1458 2070 curvis
1476 1985 1752 2100 quibuscunque
1770 1987 1891 2101 ascen·
1972 2096 1976 2104 .

322 2160 330 2168 -
369 2097 574 2199 dentiam}
590 2129 671 2186 eam
688 2098 803 2216 a'pfiam
821 2099 1064 2184 altitudinem
1083 2105 1262 2183 ia’vaaua
1280 2096 1505 2212 effugant,
1551 2126 1655 2198 uam,
1668 2097 1731 2182 ubi
1749 2099 1892 2214 descen·

338 2285 343 2290 .
370 2209 490 2296 denda
500 2230 762 2328 percureunt,
789 2209 1016 2297 celeritatem
1033 2216 1239 2328 acquirunt
1257 2211 1400 2296 initiali
1417 2125 1609 2325 equalem.
1824 2254 1828 2263 ·

668 2435 1362 2523 .C·ononuln1un
1415 2435 1506 2522 VI.

432 2651 522 2732 1-42.
552 2626 596 2710 Si
613 2621 798 2711 centrum
817 2627 1137 2713 solicitationum
1157 2629 1368 2740 gravitatis
1390 2627 1434 2710 D
1453 2626 1613 2712 infinite
1634 2623 1761 2711 distat
1789 2630 1910 2720 aree

370 2734 435 2817 &a
455 2737 560 2836 AG,
586 2768 700 2830 arcus
720 2743 970 2825 concentrici
991 2743 1110 2840 AM,
1140 2743 1245 2838 ΡΟ,
1273 2739 1358 2824 EN
1388 2747 1466 2822 &o
1515 2739 1683 2849 abibunt
1702 2741 1746 2824 in
1766 2738 1893 2828 lineas

368 2848 496 2932 restas
519 2851 562 2930 in
582 2851 781 2937 dired'tum
804 2852 952 2964 pofitas
985 2854 1182 2937 ordinatis
1213 2854 1315 2949 AA,
1328 2903 1330 2910 >
1345 2851 1419 2934 ZP
1430 2907 1444 2948 ,
1472 2851 1545 2932 BE
1572 2848 1686 2933 scalae
1713 2849 1892 2937 solicita·

370 2959 530 3064 tionum
554 2966 934 3064 centralium‚unde
954 2993 1045 3076 quae
1066 2965 1345 3070 universaliter
1365 2965 1407 3044 in
1426 2963 1752 3048 antecedentibus
1762 2965 1894 3048 ostent

371 3069 414 3153 sa
434 3071 548 3169 sunt,
568 3077 692 3160 etiarn
707 3077 948 3160 obtinebunt
965 3081 1012 3160 in·
1029 3081 1110 3162 hoc
1129 3077 1244 3177 casu,
1257 3107 1342 3188 quo
1358 3077 1552 3186 gravium
1565 3075 1804 3164 directiones
1826 3083 1888 3160 re'.

372 3181 446 3265 siae
466 3184 547 3268 AG
568 3188 921 3298 perpendiculares
940 3189 1008 3270 vel
1026 3193 1095 3272 axi
1114 3191 1198 3273 AD
1216 3188 1415 3301 parallelae
1436 3185 1561 3272 sunt..
1583 3187 1783 3296 arduoque
1804 3190 1892 3274 cele

258 3352 271 3375 .
368 3297 725 3408 ritates'a'nda'verfis
736 3300 940 3418 planarum
961 3297 1094 3409 (adde
1103 3309 1149 3384 ·&
1170 3326 1382 3385 curvarum
1392 3301 1626 3386 continuam
1637 3307 1892 3392 curvaturam

373 3404 633 3526 habentium)
652 3410 1343 3528 inclinatiaaibasdescensaacqurfitae,
1354 3411 1674 3527 equalessuata'nj
1683 3417 1781 3496 amns
1792 3439 1890 3526 gra·

369 3524 517 3603 'vitatis
534 3523 740 3607 variabilis
758 3523 808 3618 ab
827 3525 1029 3640 uniformis
1045 3527 1284 3642 hypotbest,ſs
1291 3521 1569 3640 planamrmuel
1583 3534 1801 3612 'curvarum
1815 3527 1888 3624 ‚ele-

373 3638 549 3716 vationes
566 3635 727 3748 aequales
735 3635 894 3752 fuerint
903 3641 993 3738 ,vel
1007 3639 1107 3754 quad
1123 3637 1229 3721 idem
1243 3640 1313 3751 est,
1323 3636 1366 3748 st
1372 3637 1892 3753 planarum‘harizantalium

261 3735 264 3758 ¹
365 3763 438 3858 per
456 3749 634 3831 terminas
673 3749 848 3832 lanarum
864 3753 1131 3838 inclinaturum
1148 3751 1212 3833 uel
1230 3775 1444 3841 curvatam
1465 3747 1791 3835 transeuaaaamda·
1822 3755 1893 3860 aa}
1917 3797 1920 3804 ·

376 3859 441 3936 tia
459 3859 619 3968 equales
657 3865 795 3944 uera'nt.
999 3859 1001 3864 ’
1055 3877 1059 3890 ’
1285 3936 1289 3946 2
1533 3941 1536 3944 .
1770 3937 1777 3944 ,

431 3967 530 4050 Hoc
548 3971 680 4080 ipsum
701 3975 960 4056 corollarium
972 3973 1242 4084 Torricellius
1252 3977 1407 4087 primus
1429 3973 1894 4086 geometricesuomooe

272 4161 289 4170 ,,
368 4077 690 4182 demonstravit,
708 4093 751 4167 lic
768 4085 859 4196 post
875 4085 1007 4196 ipsum
1030 4089 1246 4200 Hugenius
1262 4086 1400 4168 in'suo
1420 4085 1890 4197 Horologiooscillaro.
2002 4123 2007 4130 ·

218 4247 227 4266 .
373 4190 438 4270 rio
459 4193 579 4277 Parte
596 4193 770 4306 secunda
790 4199 912 4309 Prop.
927 4199 1004 4282 VI.
1024 4200 1099 4283 sed
1113 4205 1231 4296 ambo
1258 4206 1420 4280 'tannim
1448 4199 1491 4280 in
1510 4195 1731 4281 Galilaeana
1758 4201 1890 4310 hypo*-

375 4301 476 4382 thesr
498 4310 708 4414 gravitatis
726 4308 939 4392 uniformis
960 4331 1084 4422 atque
1103 4309 1506 4395 demonstrationibus
1530 4311 1749 4394 indirestis.
1765 4311 1893 4394 Gali-

375 4411 472 4496 laeus
485 4443 582 4498 vero
603 4421 648 4501 id
665 4423 707 4500 in
760 4424 860 4504 rima
872 4422 1141 4534 Dialogorum
1161 4424 1341 4506 editione
1361 4439 1649 4533 tanqttamlper
1667 4423 1706 4505 se
1726 4425 1894 4506 evidens

374 4524 447 4607 fibi
469 4531 640 4648 concedi
657 4450 880 4642 podulavit
890 4579 902 4632 3
915 4533 985 4616 sed
1007 4537 1105 4644 quia
1121 4533 1201 4641 hoc
1220 4535 1326 4618 forte
1345 4562 1536 4648 magnum
1549 4535 1796 4646 postulatum
1816 4535 1893 4646 ipst

362 4638 513 4748 postea
532 4643 686 4743 visum,
717 4646 763 4728 id
782 4648 824 4728 in
847 4645 1253 4755 posterioriIOperum
1273 4645 1436 4734 suorum
1463 4649 1644 4734 editione
1670 4649 1798 4760 1656:
1813 4649 1895 4730 Bo-

1708 4789 1712 4796 ’
1819 4787 1897 4842 no-
