<?xml version="1.0" encoding="UTF-8"?>
<!DOCTYPE html PUBLIC "-//W3C//DTD XHTML 1.0 Transitional//EN"
    "http://www.w3.org/TR/xhtml1/DTD/xhtml1-transitional.dtd">
<html xmlns="http://www.w3.org/1999/xhtml" xml:lang="en" lang="en">
 <head>
  <title>
</title>
<meta http-equiv="Content-Type" content="text/html;charset=utf-8" />
  <meta name='ocr-system' content='tesseract 3.04.00' />
  <meta name='ocr-capabilities' content='ocr_page ocr_carea ocr_par ocr_line ocrx_word'/>
</head>
<body>
  <div class='ocr_page' id='page_1' title='image "./phoronomiasived00hermgoog_0018.png"; bbox 0 0 4188 5414; ppageno 0'>
   <div class='ocr_carea' id='block_1_1' title="bbox 76 435 1975 2768">
    <p class='ocr_par' dir='ltr' id='par_1_1' title="bbox 76 435 1975 2768">
     <span class='ocr_line' id='line_1_1' title="bbox 150 435 1975 590; baseline -0.001 -38"><span class='ocrx_word' id='word_1_1' title='bbox 150 439 385 552; x_wconf 75' lang='lat' dir='ltr'>fluentibus</span> <span class='ocrx_word' id='word_1_2' title='bbox 401 461 644 587; x_wconf 82' lang='lat' dir='ltr'>&#39;eorumque</span> <span class='ocrx_word' id='word_1_3' title='bbox 663 443 880 586; x_wconf 83' lang='lat' dir='ltr'>mensuris.</span> <span class='ocrx_word' id='word_1_4' title='bbox 895 465 951 550; x_wconf 78' lang='lat' dir='ltr'>ex</span> <span class='ocrx_word' id='word_1_5' title='bbox 968 441 1156 590; x_wconf 77' lang='lat' dir='ltr'>professo</span> <span class='ocrx_word' id='word_1_6' title='bbox 1176 444 1359 548; x_wconf 83' lang='lat' dir='ltr'><strong>excolit.</strong></span> <span class='ocrx_word' id='word_1_7' title='bbox 1399 445 1520 548; x_wconf 86' lang='lat' dir='ltr'><strong>Ante</strong></span> <span class='ocrx_word' id='word_1_8' title='bbox 1539 435 1674 550; x_wconf 71' lang='lat' dir='ltr'>hosce</span> <span class='ocrx_word' id='word_1_9' title='bbox 1971 572 1975 580; x_wconf 20' lang='grc' dir='ltr'>Ι</span> 
     </span>
     <span class='ocr_line' id='line_1_2' title="bbox 155 583 1867 724; baseline -0.005 -30"><span class='ocrx_word' id='word_1_10' title='bbox 155 584 263 694; x_wconf 72' lang='lat' dir='ltr'>duos</span> <span class='ocrx_word' id='word_1_11' title='bbox 278 583 529 724; x_wconf 80' lang='lat' dir='ltr'>postremos</span> <span class='ocrx_word' id='word_1_12' title='bbox 543 584 853 692; x_wconf 82' lang='lat' dir='ltr'>laudatiffimos</span> <span class='ocrx_word' id='word_1_13' title='bbox 877 596 1005 687; x_wconf 26' lang='lat' dir='ltr'>,viros</span> <span class='ocrx_word' id='word_1_14' title='bbox 1027 595 1231 686; x_wconf 87' lang='lat' dir='ltr'>Summus</span> <span class='ocrx_word' id='word_1_15' title='bbox 1249 583 1682 686; x_wconf 76' lang='lat' dir='ltr'>Geometralsaacus</span> <span class='ocrx_word' id='word_1_16' title='bbox 1854 613 1867 656; x_wconf 55' lang='lat' dir='ltr'>t</span> 
     </span>
     <span class='ocr_line' id='line_1_3' title="bbox 156 698 1706 866; baseline 0.003 -44"><span class='ocrx_word' id='word_1_17' title='bbox 156 726 410 850; x_wconf 69' lang='lat' dir='ltr'>Neutonus</span> <span class='ocrx_word' id='word_1_18' title='bbox 432 732 620 826; x_wconf 87' lang='lat' dir='ltr'>inauteo</span> <span class='ocrx_word' id='word_1_19' title='bbox 631 761 783 861; x_wconf 86' lang='lat' dir='ltr'>opere,</span> <span class='ocrx_word' id='word_1_20' title='bbox 802 726 923 866; x_wconf 83' lang='lat' dir='ltr'>quod</span> <span class='ocrx_word' id='word_1_21' title='bbox 932 719 1201 862; x_wconf 68' lang='lat' dir='ltr'>Philosophia</span> <span class='ocrx_word' id='word_1_22' title='bbox 1212 698 1448 823; x_wconf 77' lang='lat' dir='ltr'>Naturalis</span> <span class='ocrx_word' id='word_1_23' title='bbox 1458 722 1676 857; x_wconf 80' lang='lat' dir='ltr'>Principia</span> <span class='ocrx_word' id='word_1_24' title='bbox 1692 797 1706 826; x_wconf 88' lang='lat'><strong>.</strong></span> 
     </span>
     <span class='ocr_line' id='line_1_4' title="bbox 154 855 1678 1002; baseline -0.005 -38"><span class='ocrx_word' id='word_1_25' title='bbox 154 855 475 966; x_wconf 80' lang='lat' dir='ltr'>Mathematica</span> <span class='ocrx_word' id='word_1_26' title='bbox 489 860 713 998; x_wconf 63' lang='lat' dir='ltr'>...inscripsit</span> <span class='ocrx_word' id='word_1_27' title='bbox 727 865 874 1002; x_wconf 85' lang='lat' dir='ltr'>,plura</span> <span class='ocrx_word' id='word_1_28' title='bbox 894 863 1073 962; x_wconf 84' lang='lat' dir='ltr'>tradidit</span> <span class='ocrx_word' id='word_1_29' title='bbox 1093 895 1331 997; x_wconf 83' lang='lat' dir='ltr'>corporum</span> <span class='ocrx_word' id='word_1_30' title='bbox 1355 857 1592 958; x_wconf 88' lang='lat' dir='ltr'>fluidorum</span> <span class='ocrx_word' id='word_1_31' title='bbox 1613 865 1678 957; x_wconf 85' lang='lat' dir='ltr'>vi-</span> 
     </span>
     <span class='ocr_line' id='line_1_5' title="bbox 156 995 1678 1136; baseline 0.001 -44"><span class='ocrx_word' id='word_1_32' title='bbox 156 1027 224 1093; x_wconf 91' lang='lat' dir='ltr'>res</span> <span class='ocrx_word' id='word_1_33' title='bbox 247 1011 294 1096; x_wconf 92' lang='lat'>&amp;</span> <span class='ocrx_word' id='word_1_34' title='bbox 314 996 568 1100; x_wconf 74' lang='lat' dir='ltr'>affectiones</span> <span class='ocrx_word' id='word_1_35' title='bbox 589 1009 923 1115; x_wconf 82' lang='lat' dir='ltr'>concernentia,</span> <span class='ocrx_word' id='word_1_36' title='bbox 936 999 1026 1136; x_wconf 85' lang='lat' dir='ltr'>quo</span> <span class='ocrx_word' id='word_1_37' title='bbox 1042 996 1268 1097; x_wconf 82' lang='lat' dir='ltr'>referenda</span> <span class='ocrx_word' id='word_1_38' title='bbox 1286 995 1383 1096; x_wconf 87' lang='lat' dir='ltr'>sunt</span> <span class='ocrx_word' id='word_1_39' title='bbox 1405 1031 1471 1114; x_wconf 84' lang='lat' dir='ltr'>ea,</span> <span class='ocrx_word' id='word_1_40' title='bbox 1484 1001 1678 1134; x_wconf 84' lang='lat' dir='ltr'>quaecir-</span> 
     </span>
     <span class='ocr_line' id='line_1_6' title="bbox 155 1133 1676 1272; baseline 0.001 -41"><span class='ocrx_word' id='word_1_41' title='bbox 155 1145 209 1231; x_wconf 79' lang='lat' dir='ltr'>ca&#39;</span> <span class='ocrx_word' id='word_1_42' title='bbox 229 1139 323 1240; x_wconf 74' lang='lat' dir='ltr'>tim</span> <span class='ocrx_word' id='word_1_43' title='bbox 345 1135 571 1238; x_wconf 84' lang='lat' dir='ltr'>clasticanr</span> <span class='ocrx_word' id='word_1_44' title='bbox 589 1144 725 1254; x_wconf 75' lang='lat' dir='ltr'>aeris,</span> <span class='ocrx_word' id='word_1_45' title='bbox 761 1134 995 1236; x_wconf 85' lang='lat' dir='ltr'>densrtates</span> <span class='ocrx_word' id='word_1_46' title='bbox 1014 1133 1348 1269; x_wconf 80' lang='lat' dir='ltr'>atmosphaerto,</span> <span class='ocrx_word' id='word_1_47' title='bbox 1361 1171 1456 1272; x_wconf 85' lang='lat' dir='ltr'>quae</span> <span class='ocrx_word' id='word_1_48' title='bbox 1478 1142 1594 1232; x_wconf 89' lang='lat' dir='ltr'>circa</span> <span class='ocrx_word' id='word_1_49' title='bbox 1608 1170 1676 1232; x_wconf 89' lang='lat' dir='ltr'>te·</span> 
     </span>
     <span class='ocr_line' id='line_1_7' title="bbox 125 1260 1679 1408; baseline 0.003 -43"><span class='ocrx_word' id='word_1_50' title='bbox 125 1269 130 1282; x_wconf 84' lang='lat'>&#39;</span> <span class='ocrx_word' id='word_1_51' title='bbox 155 1261 371 1376; x_wconf 76' lang='lat' dir='ltr'>sistentias</span> <span class='ocrx_word' id='word_1_52' title='bbox 392 1269 628 1406; x_wconf 81' lang='lat' dir='ltr'>figurarum</span> <span class='ocrx_word' id='word_1_53' title='bbox 648 1281 694 1372; x_wconf 93' lang='lat' dir='ltr'>in</span> <span class='ocrx_word' id='word_1_54' title='bbox 718 1260 859 1408; x_wconf 70' lang='lat' dir='ltr'>duidis</span> <span class='ocrx_word' id='word_1_55' title='bbox 880 1273 1199 1388; x_wconf 89' lang='lat' dir='ltr'>incedentium,</span> <span class='ocrx_word' id='word_1_56' title='bbox 1215 1277 1331 1390; x_wconf 82' lang='lat' dir='ltr'>circa</span> <span class='ocrx_word' id='word_1_57' title='bbox 1352 1303 1499 1370; x_wconf 85' lang='lat' dir='ltr'>motus</span> <span class='ocrx_word' id='word_1_58' title='bbox 1515 1307 1679 1405; x_wconf 82' lang='lat' dir='ltr'>corpo-</span> 
     </span>
     <span class='ocr_line' id='line_1_8' title="bbox 157 1407 1677 1540; baseline 0.001 -38"><span class='ocrx_word' id='word_1_59' title='bbox 157 1411 323 1502; x_wconf 84' lang='lat' dir='ltr'>tumin</span> <span class='ocrx_word' id='word_1_60' title='bbox 345 1408 845 1539; x_wconf 76' lang='lat' dir='ltr'>rnediis&#39;tesrstentibps,</span> <span class='ocrx_word' id='word_1_61' title='bbox 869 1417 985 1505; x_wconf 84' lang='lat' dir='ltr'>circa</span> <span class='ocrx_word' id='word_1_62' title='bbox 1007 1416 1291 1540; x_wconf 83' lang='lat' dir='ltr'>agitationem</span> <span class='ocrx_word' id='word_1_63' title='bbox 1315 1413 1421 1504; x_wconf 85' lang='lat' dir='ltr'>a&#39;e&#39;tis</span> <span class='ocrx_word' id='word_1_64' title='bbox 1443 1411 1490 1506; x_wconf 92' lang='lat' dir='ltr'>in</span> <span class='ocrx_word' id='word_1_65' title='bbox 1512 1407 1677 1540; x_wconf 83' lang='lat' dir='ltr'>produ-</span> 
     </span>
     <span class='ocr_line' id='line_1_9' title="bbox 156 1533 1744 1686; baseline 0.005 -52"><span class='ocrx_word' id='word_1_66' title='bbox 156 1545 306 1648; x_wconf 64' lang='lat' dir='ltr'>ctione</span> <span class='ocrx_word' id='word_1_67' title='bbox 325 1533 586 1679; x_wconf 88' lang='lat' dir='ltr'>soni,atque</span> <span class='ocrx_word' id='word_1_68' title='bbox 609 1541 693 1640; x_wconf 84' lang='lat' dir='ltr'>alio</span> <span class='ocrx_word' id='word_1_69' title='bbox 716 1539 1011 1641; x_wconf 85' lang='lat' dir='ltr'>demonstrata</span> <span class='ocrx_word' id='word_1_70' title='bbox 1032 1541 1231 1642; x_wconf 86' lang='lat' dir='ltr'>exhibuit</span> <span class='ocrx_word' id='word_1_71' title='bbox 1244 1549 1448 1680; x_wconf 84' lang='lat' dir='ltr'>:ejusque</span> <span class='ocrx_word' id='word_1_72' title='bbox 1469 1545 1680 1686; x_wconf 87' lang='lat' dir='ltr'>exemplo</span> <span class='ocrx_word' id='word_1_73' title='bbox 1742 1651 1744 1656; x_wconf 65' lang='lat'>,</span> 
     </span>
     <span class='ocr_line' id='line_1_10' title="bbox 157 1673 1679 1815; baseline 0.003 -41"><span class='ocrx_word' id='word_1_74' title='bbox 157 1682 354 1812; x_wconf 87' lang='lat' dir='ltr'>permoti</span> <span class='ocrx_word' id='word_1_75' title='bbox 379 1675 558 1781; x_wconf 84' lang='lat' dir='ltr'>lllnsttis</span> <span class='ocrx_word' id='word_1_76' title='bbox 582 1673 829 1810; x_wconf 82' lang='lat' dir='ltr'>Leibnitius</span> <span class='ocrx_word' id='word_1_77' title='bbox 848 1707 985 1815; x_wconf 85' lang='lat' dir='ltr'>atque</span> <span class='ocrx_word' id='word_1_78' title='bbox 1006 1673 1314 1776; x_wconf 82' lang='lat' dir='ltr'>Nobiliffmrus</span> <span class='ocrx_word' id='word_1_79' title='bbox 1329 1684 1560 1812; x_wconf 79' lang='lat' dir='ltr'>Hugenius</span> <span class='ocrx_word' id='word_1_80' title='bbox 1583 1717 1679 1778; x_wconf 84' lang='lat' dir='ltr'>tne-</span> 
     </span>
     <span class='ocr_line' id='line_1_11' title="bbox 76 1807 1680 1952; baseline 0.003 -43"><span class='ocrx_word' id='word_1_81' title='bbox 76 1893 80 1900; x_wconf 92' lang='lat'>.</span> <span class='ocrx_word' id='word_1_82' title='bbox 158 1811 397 1912; x_wconf 85' lang='lat' dir='ltr'>ditationes</span> <span class='ocrx_word' id='word_1_83' title='bbox 419 1807 507 1912; x_wconf 86' lang='lat' dir='ltr'>suas</span> <span class='ocrx_word' id='word_1_84' title='bbox 529 1819 642 1914; x_wconf 87' lang='lat' dir='ltr'>circa</span> <span class='ocrx_word' id='word_1_85' title='bbox 662 1841 807 1912; x_wconf 89' lang='lat' dir='ltr'>motus</span> <span class='ocrx_word' id='word_1_86' title='bbox 830 1841 1070 1947; x_wconf 83' lang='lat' dir='ltr'>corporum</span> <span class='ocrx_word' id='word_1_87' title='bbox 1101 1819 1148 1912; x_wconf 88' lang='lat' dir='ltr'>i&#39;n</span> <span class='ocrx_word' id='word_1_88' title='bbox 1178 1813 1329 1914; x_wconf 89' lang='lat' dir='ltr'>medio</span> <span class='ocrx_word' id='word_1_89' title='bbox 1359 1811 1569 1930; x_wconf 79' lang='lat' dir='ltr'>resistenti</span> <span class='ocrx_word' id='word_1_90' title='bbox 1599 1853 1680 1952; x_wconf 90' lang='lat' dir='ltr'>pu-</span> 
     </span>
     <span class='ocr_line' id='line_1_12' title="bbox 157 1945 1743 2090; baseline 0.004 -44"><span class='ocrx_word' id='word_1_91' title='bbox 157 1945 286 2046; x_wconf 90' lang='lat' dir='ltr'>blico</span> <span class='ocrx_word' id='word_1_92' title='bbox 303 1947 462 2054; x_wconf 87' lang='lat' dir='ltr'>diutius</span> <span class='ocrx_word' id='word_1_93' title='bbox 481 1948 672 2064; x_wconf 76' lang='lat' dir='ltr'>irtuidere</span> <span class='ocrx_word' id='word_1_94' title='bbox 695 1951 951 2068; x_wconf 82' lang='lat' dir='ltr'>noluerunt3</span> <span class='ocrx_word' id='word_1_95' title='bbox 985 1949 1106 2086; x_wconf 85' lang='lat' dir='ltr'>quod</span> <span class='ocrx_word' id='word_1_96' title='bbox 1117 1979 1422 2086; x_wconf 83' lang='lat' dir='ltr'>argumentum</span> <span class='ocrx_word' id='word_1_97' title='bbox 1442 1947 1683 2090; x_wconf 52' lang='lat' dir='ltr'>posterga·</span> <span class='ocrx_word' id='word_1_98' title='bbox 1738 2069 1743 2078; x_wconf 38' lang='grc'>,</span> 
     </span>
     <span class='ocr_line' id='line_1_13' title="bbox 159 2081 1680 2222; baseline 0.003 -38"><span class='ocrx_word' id='word_1_99' title='bbox 159 2085 360 2186; x_wconf 75' lang='lat' dir='ltr'>netoliter</span> <span class='ocrx_word' id='word_1_100' title='bbox 380 2093 658 2222; x_wconf 73' lang='lat' dir='ltr'>pertractavit</span> <span class='ocrx_word' id='word_1_101' title='bbox 681 2081 805 2222; x_wconf 82' lang='lat' dir='ltr'>supra</span> <span class='ocrx_word' id='word_1_102' title='bbox 827 2087 1021 2188; x_wconf 84' lang='lat' dir='ltr'>laudatus</span> <span class='ocrx_word' id='word_1_103' title='bbox 1032 2089 1348 2222; x_wconf 86' lang='lat' dir='ltr'>Varignonius.</span> <span class='ocrx_word' id='word_1_104' title='bbox 1387 2086 1680 2189; x_wconf 74' lang='lat' dir='ltr'>celeberrimi</span> 
     </span>
     <span class='ocr_line' id='line_1_14' title="bbox 159 2222 1740 2358; baseline 0.005 -38"><span class='ocrx_word' id='word_1_105' title='bbox 159 2255 268 2320; x_wconf 85' lang='lat' dir='ltr'>vero</span> <span class='ocrx_word' id='word_1_106' title='bbox 289 2222 345 2318; x_wconf 91' lang='lat' dir='ltr'>de</span> <span class='ocrx_word' id='word_1_107' title='bbox 376 2259 432 2320; x_wconf 90' lang='lat' dir='ltr'>ue</span> <span class='ocrx_word' id='word_1_108' title='bbox 453 2222 735 2320; x_wconf 90' lang='lat' dir='ltr'>reconditiori</span> <span class='ocrx_word' id='word_1_109' title='bbox 769 2230 1023 2324; x_wconf 85' lang='lat' dir='ltr'>Geometria</span> <span class='ocrx_word' id='word_1_110' title='bbox 1053 2231 1226 2358; x_wconf 85' lang='lat' dir='ltr'>optime</span> <span class='ocrx_word' id='word_1_111' title='bbox 1260 2231 1404 2323; x_wconf 88' lang='lat' dir='ltr'>metiti</span> <span class='ocrx_word' id='word_1_112' title='bbox 1439 2227 1680 2328; x_wconf 84' lang='lat' dir='ltr'>Bemoullii</span> <span class='ocrx_word' id='word_1_113' title='bbox 1729 2291 1740 2298; x_wconf 92' lang='lat'>-</span> 
     </span>
     <span class='ocr_line' id='line_1_15' title="bbox 158 2257 1683 2499; baseline 0.005 -42"><span class='ocrx_word' id='word_1_114' title='bbox 158 2363 328 2457; x_wconf 82' lang='lat' dir='ltr'>Fratres</span> <span class='ocrx_word' id='word_1_115' title='bbox 346 2257 513 2462; x_wconf 77' lang='lat' dir='ltr'>diversa</span> <span class='ocrx_word' id='word_1_116' title='bbox 523 2353 803 2478; x_wconf 72' lang='lat' dir='ltr'>P&#39;roblemata</span> <span class='ocrx_word' id='word_1_117' title='bbox 823 2363 939 2460; x_wconf 88' lang='lat' dir='ltr'>circa</span> <span class='ocrx_word' id='word_1_118' title='bbox 955 2357 1406 2464; x_wconf 68' lang='lat' dir='ltr'>iimdotutnaetiones</span> <span class='ocrx_word' id='word_1_119' title='bbox 1430 2365 1476 2458; x_wconf 94' lang='lat' dir='ltr'>in</span> <span class='ocrx_word' id='word_1_120' title='bbox 1497 2397 1683 2499; x_wconf 88' lang='lat' dir='ltr'>corpora</span> 
     </span>
     <span class='ocr_line' id='line_1_16' title="bbox 160 2489 1841 2632; baseline 0.006 -40"><span class='ocrx_word' id='word_1_121' title='bbox 160 2493 283 2612; x_wconf 85' lang='lat' dir='ltr'>dura,</span> <span class='ocrx_word' id='word_1_122' title='bbox 297 2489 370 2594; x_wconf 90' lang='lat' dir='ltr'>sed</span> <span class='ocrx_word' id='word_1_123' title='bbox 383 2490 606 2611; x_wconf 83' lang='lat' dir='ltr'>flexibilia,</span> <span class='ocrx_word' id='word_1_124' title='bbox 618 2495 913 2628; x_wconf 80' lang='lat' dir='ltr'>contemplati</span> <span class='ocrx_word' id='word_1_125' title='bbox 932 2491 1199 2632; x_wconf 88' lang='lat' dir='ltr'>sunt,.atque</span> <span class='ocrx_word' id='word_1_126' title='bbox 1214 2502 1409 2596; x_wconf 86' lang='lat' dir='ltr'>interiori</span> <span class='ocrx_word' id='word_1_127' title='bbox 1422 2503 1683 2602; x_wconf 75' lang='lat' dir='ltr'>Geometris</span> <span class='ocrx_word' id='word_1_128' title='bbox 1836 2489 1841 2504; x_wconf 71' lang='grc'>’</span> 
     </span>
     <span class='ocr_line' id='line_1_17' title="bbox 161 2625 1742 2768; baseline 0.002 -36"><span class='ocrx_word' id='word_1_129' title='bbox 161 2625 265 2768; x_wconf 78' lang='lat' dir='ltr'>ipsis</span> <span class='ocrx_word' id='word_1_130' title='bbox 286 2666 423 2768; x_wconf 91' lang='lat' dir='ltr'>opem</span> <span class='ocrx_word' id='word_1_131' title='bbox 441 2629 1023 2768; x_wconf 78' lang='lat' dir='ltr'>ferente,eleganteso1rvas</span> <span class='ocrx_word' id='word_1_132' title='bbox 1048 2631 1218 2732; x_wconf 71' lang='lat' dir='ltr'>velana</span> <span class='ocrx_word' id='word_1_133' title='bbox 1240 2663 1286 2735; x_wconf 86' lang='lat' dir='ltr'>at</span> <span class='ocrx_word' id='word_1_134' title='bbox 1310 2634 1438 2739; x_wconf 91' lang='lat' dir='ltr'>lintei</span> <span class='ocrx_word' id='word_1_135' title='bbox 1456 2639 1571 2734; x_wconf 85' lang='lat' dir='ltr'>intus</span> <span class='ocrx_word' id='word_1_136' title='bbox 1594 2633 1682 2736; x_wconf 85' lang='lat' dir='ltr'>sta·</span> <span class='ocrx_word' id='word_1_137' title='bbox 1726 2688 1742 2719; x_wconf 68' lang='grc' dir='ltr'>ι</span> 
     </span>
    </p>
   </div>
   <div class='ocr_carea' id='block_1_2' title="bbox 161 2770 1683 2910">
    <p class='ocr_par' dir='ltr' id='par_1_2' title="bbox 161 2770 1683 2910">
     <span class='ocr_line' id='line_1_18' title="bbox 161 2770 1683 2910; baseline 0.007 -45"><span class='ocrx_word' id='word_1_138' title='bbox 161 2799 374 2898; x_wconf 84' lang='lat' dir='ltr'>gnantem</span> <span class='ocrx_word' id='word_1_139' title='bbox 395 2770 613 2907; x_wconf 89' lang='lat' dir='ltr'>liquorem</span> <span class='ocrx_word' id='word_1_140' title='bbox 623 2773 888 2889; x_wconf 87' lang='lat' dir='ltr'>continente,</span> <span class='ocrx_word' id='word_1_141' title='bbox 900 2777 946 2890; x_wconf 78' lang='lat' dir='ltr'>in</span> <span class='ocrx_word' id='word_1_142' title='bbox 958 2773 1154 2910; x_wconf 64' lang='lat' dir='ltr'>apricum</span> <span class='ocrx_word' id='word_1_143' title='bbox 1178 2770 1502 2907; x_wconf 83' lang='lat' dir='ltr'>produxerunt,</span> <span class='ocrx_word' id='word_1_144' title='bbox 1525 2775 1683 2876; x_wconf 81' lang='lat' dir='ltr'>utalia</span> 
     </span>
    </p>
   </div>
   <div class='ocr_carea' id='block_1_3' title="bbox 32 2905 1843 4922">
    <p class='ocr_par' dir='ltr' id='par_1_3' title="bbox 32 2905 1843 4922">
     <span class='ocr_line' id='line_1_19' title="bbox 42 2905 1619 3030; baseline 0.001 -28"><span class='ocrx_word' id='word_1_145' title='bbox 42 3021 45 3026; x_wconf 16' lang='lat'>¹</span> <span class='ocrx_word' id='word_1_146' title='bbox 163 2905 307 3006; x_wconf 85' lang='lat' dir='ltr'>multa</span> <span class='ocrx_word' id='word_1_147' title='bbox 330 2937 531 3030; x_wconf 82' lang='lat' dir='ltr'>taceam.¹</span> <span class='ocrx_word' id='word_1_148' title='bbox 851 3003 855 3010; x_wconf 82' lang='grc'>,</span> <span class='ocrx_word' id='word_1_149' title='bbox 1087 3001 1092 3008; x_wconf 85' lang='grc'>,</span> <span class='ocrx_word' id='word_1_150' title='bbox 1345 2986 1349 2994; x_wconf 95' lang='grc'>.</span> <span class='ocrx_word' id='word_1_151' title='bbox 1617 2997 1619 3004; x_wconf 79' lang='grc'>,</span> 
     </span>
     <span class='ocr_line' id='line_1_20' title="bbox 104 3041 1843 3184; baseline 0.005 -42"><span class='ocrx_word' id='word_1_152' title='bbox 104 3099 107 3106; x_wconf 67' lang='lat'>,</span> <span class='ocrx_word' id='word_1_153' title='bbox 234 3041 345 3162; x_wconf 85' lang='lat' dir='ltr'>Sed,</span> <span class='ocrx_word' id='word_1_154' title='bbox 367 3047 474 3184; x_wconf 88' lang='lat' dir='ltr'>quia</span> <span class='ocrx_word' id='word_1_155' title='bbox 496 3047 659 3147; x_wconf 82' lang='lat' dir='ltr'>eximia</span> <span class='ocrx_word' id='word_1_156' title='bbox 678 3041 776 3164; x_wconf 76' lang='lat' dir='ltr'>haec</span> <span class='ocrx_word' id='word_1_157' title='bbox 799 3051 976 3148; x_wconf 81' lang='lat' dir='ltr'>inventa</span> <span class='ocrx_word' id='word_1_158' title='bbox 1004 3049 1051 3144; x_wconf 92' lang='lat' dir='ltr'>in</span> <span class='ocrx_word' id='word_1_159' title='bbox 1085 3049 1214 3148; x_wconf 86' lang='lat' dir='ltr'>variis</span> <span class='ocrx_word' id='word_1_160' title='bbox 1238 3049 1402 3148; x_wconf 83' lang='lat' dir='ltr'>Diatiis</span> <span class='ocrx_word' id='word_1_161' title='bbox 1423 3045 1607 3184; x_wconf 85' lang='lat' dir='ltr'>aliisque</span> <span class='ocrx_word' id='word_1_162' title='bbox 1630 3047 1683 3146; x_wconf 86' lang='lat' dir='ltr'>li·</span> <span class='ocrx_word' id='word_1_163' title='bbox 1836 3130 1843 3150; x_wconf 74' lang='lat'><em>‚</em></span> 
     </span>
     <span class='ocr_line' id='line_1_21' title="bbox 107 3175 1683 3322; baseline 0.003 -39"><span class='ocrx_word' id='word_1_164' title='bbox 107 3267 113 3283; x_wconf 89' lang='grc'><em>.</em></span> <span class='ocrx_word' id='word_1_165' title='bbox 164 3175 254 3279; x_wconf 89' lang='lat' dir='ltr'>bris</span> <span class='ocrx_word' id='word_1_166' title='bbox 276 3175 459 3320; x_wconf 83' lang='lat' dir='ltr'>dispersa</span> <span class='ocrx_word' id='word_1_167' title='bbox 481 3197 611 3284; x_wconf 84' lang='lat' dir='ltr'>&amp;ex</span> <span class='ocrx_word' id='word_1_168' title='bbox 632 3179 807 3309; x_wconf 67' lang='lat' dir='ltr'>diperfis</span> <span class='ocrx_word' id='word_1_169' title='bbox 841 3181 951 3322; x_wconf 85' lang='lat' dir='ltr'>saepe</span> <span class='ocrx_word' id='word_1_170' title='bbox 981 3187 1212 3319; x_wconf 85' lang='lat' dir='ltr'>principiis</span> <span class='ocrx_word' id='word_1_171' title='bbox 1245 3184 1393 3284; x_wconf 85' lang='lat' dir='ltr'>elicita</span> <span class='ocrx_word' id='word_1_172' title='bbox 1425 3179 1547 3301; x_wconf 91' lang='lat' dir='ltr'>sunt,</span> <span class='ocrx_word' id='word_1_173' title='bbox 1582 3199 1683 3317; x_wconf 84' lang='lat' dir='ltr'>gra‘·</span> 
     </span>
     <span class='ocr_line' id='line_1_22' title="bbox 161 3315 1681 3470; baseline 0.001 -52"><span class='ocrx_word' id='word_1_174' title='bbox 161 3345 260 3418; x_wconf 87' lang='lat' dir='ltr'>tum</span> <span class='ocrx_word' id='word_1_175' title='bbox 279 3352 353 3418; x_wconf 88' lang='lat' dir='ltr'>me</span> <span class='ocrx_word' id='word_1_176' title='bbox 375 3324 426 3418; x_wconf 93' lang='lat' dir='ltr'>iis</span> <span class='ocrx_word' id='word_1_177' title='bbox 447 3315 689 3438; x_wconf 75' lang='lat' dir='ltr'>sanarum,</span> <span class='ocrx_word' id='word_1_178' title='bbox 709 3317 784 3470; x_wconf 86' lang='lat' dir='ltr'>qui</span> <span class='ocrx_word' id='word_1_179' title='bbox 805 3319 928 3421; x_wconf 83' lang='lat' dir='ltr'>hisce</span> <span class='ocrx_word' id='word_1_180' title='bbox 959 3316 1088 3417; x_wconf 88' lang='lat' dir='ltr'>rebus</span> <span class='ocrx_word' id='word_1_181' title='bbox 1106 3319 1392 3440; x_wconf 70' lang='lat' dir='ltr'>delectantur,</span> <span class='ocrx_word' id='word_1_182' title='bbox 1415 3319 1681 3440; x_wconf 83' lang='lat' dir='ltr'>existimavi,</span> 
     </span>
     <span class='ocr_line' id='line_1_23' title="bbox 32 3449 1684 3592; baseline 0.002 -39"><span class='ocrx_word' id='word_1_183' title='bbox 32 3577 34 3586; x_wconf 13' lang='lat' dir='ltr'><em>A</em></span> <span class='ocrx_word' id='word_1_184' title='bbox 160 3449 365 3566; x_wconf 83' lang='lat' dir='ltr'>fiomnia</span> <span class='ocrx_word' id='word_1_185' title='bbox 379 3462 506 3589; x_wconf 82' lang='lat' dir='ltr'>juxta</span> <span class='ocrx_word' id='word_1_186' title='bbox 590 3463 773 3556; x_wconf 90' lang='lat' dir='ltr'>nuinum</span> <span class='ocrx_word' id='word_1_187' title='bbox 794 3457 995 3555; x_wconf 84' lang='lat' dir='ltr'>ordinem</span> <span class='ocrx_word' id='word_1_188' title='bbox 1016 3463 1064 3554; x_wconf 92' lang='lat' dir='ltr'>in</span> <span class='ocrx_word' id='word_1_189' title='bbox 1089 3491 1227 3554; x_wconf 90' lang='lat' dir='ltr'>unum</span> <span class='ocrx_word' id='word_1_190' title='bbox 1248 3459 1468 3572; x_wconf 71' lang='lat' dir='ltr'>collecta,</span> <span class='ocrx_word' id='word_1_191' title='bbox 1504 3494 1558 3560; x_wconf 86' lang='lat' dir='ltr'>ex</span> <span class='ocrx_word' id='word_1_192' title='bbox 1579 3493 1684 3592; x_wconf 86' lang='lat' dir='ltr'>pau-</span> 
     </span>
     <span class='ocr_line' id='line_1_24' title="bbox 157 3491 1691 3730; baseline -0.001 -38"><span class='ocrx_word' id='word_1_193' title='bbox 157 3596 225 3692; x_wconf 74' lang='lat' dir='ltr'>cis</span> <span class='ocrx_word' id='word_1_194' title='bbox 246 3596 383 3728; x_wconf 83' lang='lat' dir='ltr'>iisque</span> <span class='ocrx_word' id='word_1_195' title='bbox 406 3491 674 3730; x_wconf 55' lang='lat' dir='ltr'>fimpdceibus</span> <span class='ocrx_word' id='word_1_196' title='bbox 697 3597 921 3729; x_wconf 87' lang='lat' dir='ltr'>principiis</span> <span class='ocrx_word' id='word_1_197' title='bbox 944 3589 1130 3691; x_wconf 73' lang='lat' dir='ltr'>deducta</span> <span class='ocrx_word' id='word_1_198' title='bbox 1152 3605 1196 3690; x_wconf 89' lang='lat'>&amp;</span> <span class='ocrx_word' id='word_1_199' title='bbox 1232 3602 1358 3692; x_wconf 73' lang='lat' dir='ltr'>aucta</span> <span class='ocrx_word' id='word_1_200' title='bbox 1382 3591 1569 3726; x_wconf 78' lang='lat' dir='ltr'>publicae</span> <span class='ocrx_word' id='word_1_201' title='bbox 1594 3593 1691 3690; x_wconf 84' lang='lat' dir='ltr'>luci.</span> 
     </span>
     <span class='ocr_line' id='line_1_25' title="bbox 157 3722 1755 3880; baseline 0 -52"><span class='ocrx_word' id='word_1_202' title='bbox 157 3723 388 3830; x_wconf 61' lang='lat' dir='ltr'>sisterent</span> <span class='ocrx_word' id='word_1_203' title='bbox 421 3731 596 3832; x_wconf 82' lang='lat' dir='ltr'>Verum</span> <span class='ocrx_word' id='word_1_204' title='bbox 614 3728 731 3828; x_wconf 89' lang='lat' dir='ltr'>hunc</span> <span class='ocrx_word' id='word_1_205' title='bbox 753 3735 824 3828; x_wconf 80' lang='lat' dir='ltr'>uix</span> <span class='ocrx_word' id='word_1_206' title='bbox 846 3722 1288 3864; x_wconf 54' lang='lat' dir='ltr'>ingreffuz‘campum</span> <span class='ocrx_word' id='word_1_207' title='bbox 1312 3723 1435 3826; x_wconf 78' lang='lat' dir='ltr'>illico</span> <span class='ocrx_word' id='word_1_208' title='bbox 1460 3724 1683 3880; x_wconf 82' lang='lat' dir='ltr'>perspexi,</span> <span class='ocrx_word' id='word_1_209' title='bbox 1751 3780 1755 3786; x_wconf 93' lang='grc'><em>·</em></span> 
     </span>
     <span class='ocr_line' id='line_1_26' title="bbox 161 3860 1683 4004; baseline 0.002 -41"><span class='ocrx_word' id='word_1_210' title='bbox 161 3860 450 4002; x_wconf 76' lang='lat' dir='ltr'>propositum</span> <span class='ocrx_word' id='word_1_211' title='bbox 470 3861 581 3972; x_wconf 91' lang='lat' dir='ltr'>istud</span> <span class='ocrx_word' id='word_1_212' title='bbox 615 3903 688 3966; x_wconf 88' lang='lat' dir='ltr'>me</span> <span class='ocrx_word' id='word_1_213' title='bbox 722 3903 943 4004; x_wconf 87' lang='lat' dir='ltr'>nunquam</span> <span class='ocrx_word' id='word_1_214' title='bbox 961 3862 1164 3978; x_wconf 71' lang='lat' dir='ltr'>,feliciter</span> <span class='ocrx_word' id='word_1_215' title='bbox 1197 3867 1253 3964; x_wconf 81' lang='lat' dir='ltr'>ad</span> <span class='ocrx_word' id='word_1_216' title='bbox 1281 3873 1449 3970; x_wconf 82' lang='lat' dir='ltr'>exitum</span> <span class='ocrx_word' id='word_1_217' title='bbox 1461 3863 1683 3966; x_wconf 77' lang='lat' dir='ltr'>deductu-</span> 
     </span>
     <span class='ocr_line' id='line_1_27' title="bbox 161 3997 1683 4139; baseline 0 -37"><span class='ocrx_word' id='word_1_218' title='bbox 161 4036 285 4122; x_wconf 89' lang='lat' dir='ltr'>rum,</span> <span class='ocrx_word' id='word_1_219' title='bbox 320 3997 399 4100; x_wconf 80' lang='lat' dir='ltr'>nist</span> <span class='ocrx_word' id='word_1_220' title='bbox 423 4009 573 4102; x_wconf 86' lang='lat' dir='ltr'>omnia</span> <span class='ocrx_word' id='word_1_221' title='bbox 591 4003 718 4102; x_wconf 83' lang='lat' dir='ltr'>ultius</span> <span class='ocrx_word' id='word_1_222' title='bbox 735 4035 997 4139; x_wconf 89' lang='lat' dir='ltr'>repeterem,</span> <span class='ocrx_word' id='word_1_223' title='bbox 1011 4004 1227 4138; x_wconf 83' lang='lat' dir='ltr'>pluraque</span> <span class='ocrx_word' id='word_1_224' title='bbox 1242 3998 1683 4102; x_wconf 81' lang='lat' dir='ltr'>exMechanicacor-</span> 
     </span>
     <span class='ocr_line' id='line_1_28' title="bbox 162 4137 1687 4277; baseline -0.001 -40"><span class='ocrx_word' id='word_1_225' title='bbox 162 4137 320 4277; x_wconf 86' lang='lat' dir='ltr'>porum</span> <span class='ocrx_word' id='word_1_226' title='bbox 342 4137 584 4238; x_wconf 81' lang='lat' dir='ltr'>iolidotum</span> <span class='ocrx_word' id='word_1_227' title='bbox 611 4155 860 4266; x_wconf 80' lang='lat' dir='ltr'>mutuarer,</span> <span class='ocrx_word' id='word_1_228' title='bbox 886 4139 948 4242; x_wconf 85' lang='lat' dir='ltr'>ad</span> <span class='ocrx_word' id='word_1_229' title='bbox 971 4139 1016 4236; x_wconf 93' lang='lat' dir='ltr'>id</span> <span class='ocrx_word' id='word_1_230' title='bbox 1052 4169 1103 4236; x_wconf 89' lang='lat' dir='ltr'>ut</span> <span class='ocrx_word' id='word_1_231' title='bbox 1136 4155 1315 4270; x_wconf 88' lang='lat' dir='ltr'>tyrones</span> <span class='ocrx_word' id='word_1_232' title='bbox 1339 4141 1601 4272; x_wconf 87' lang='lat' dir='ltr'>opusculum</span> <span class='ocrx_word' id='word_1_233' title='bbox 1623 4146 1687 4242; x_wconf 89' lang='lat' dir='ltr'>ci.-</span> 
     </span>
     <span class='ocr_line' id='line_1_29' title="bbox 163 4271 1687 4410; baseline 0 -34"><span class='ocrx_word' id='word_1_234' title='bbox 163 4305 232 4391; x_wconf 82' lang='lat' dir='ltr'>tta</span> <span class='ocrx_word' id='word_1_235' title='bbox 251 4272 544 4375; x_wconf 76' lang='lat' dir='ltr'>offensionem</span> <span class='ocrx_word' id='word_1_236' title='bbox 564 4311 813 4410; x_wconf 85' lang='lat' dir='ltr'>percurrere</span> <span class='ocrx_word' id='word_1_237' title='bbox 837 4271 1008 4410; x_wconf 72' lang='lat' dir='ltr'>pudent</span> <span class='ocrx_word' id='word_1_238' title='bbox 1022 4349 1035 4394; x_wconf 88' lang='lat'>,</span> <span class='ocrx_word' id='word_1_239' title='bbox 1049 4311 1133 4374; x_wconf 88' lang='lat' dir='ltr'>nec</span> <span class='ocrx_word' id='word_1_240' title='bbox 1154 4275 1210 4374; x_wconf 86' lang='lat' dir='ltr'>ad</span> <span class='ocrx_word' id='word_1_241' title='bbox 1232 4283 1324 4408; x_wconf 86' lang='lat' dir='ltr'>ejus</span> <span class='ocrx_word' id='word_1_242' title='bbox 1349 4277 1687 4410; x_wconf 83' lang='lat' dir='ltr'>intelligentiam</span> 
     </span>
     <span class='ocr_line' id='line_1_30' title="bbox 163 4409 1685 4553; baseline -0.001 -41"><span class='ocrx_word' id='word_1_243' title='bbox 163 4417 322 4526; x_wconf 82' lang='lat' dir='ltr'>auxilia</span> <span class='ocrx_word' id='word_1_244' title='bbox 340 4411 520 4540; x_wconf 69' lang='lat' dir='ltr'>aliunde</span> <span class='ocrx_word' id='word_1_245' title='bbox 543 4419 804 4553; x_wconf 86' lang='lat' dir='ltr'>conquirere</span> <span class='ocrx_word' id='word_1_246' title='bbox 820 4409 1042 4513; x_wconf 72' lang='lat' dir='ltr'>necessum</span> <span class='ocrx_word' id='word_1_247' title='bbox 1067 4409 1298 4528; x_wconf 81' lang='lat' dir='ltr'>haberent.</span> <span class='ocrx_word' id='word_1_248' title='bbox 1362 4419 1484 4512; x_wconf 88' lang='lat' dir='ltr'>Cum</span> <span class='ocrx_word' id='word_1_249' title='bbox 1509 4410 1685 4516; x_wconf 72' lang='lat' dir='ltr'>veroin</span> 
     </span>
     <span class='ocr_line' id='line_1_31' title="bbox 164 4545 1688 4666; baseline 0 -18"><span class='ocrx_word' id='word_1_250' title='bbox 164 4547 291 4666; x_wconf 85' lang='lat' dir='ltr'>rebus</span> <span class='ocrx_word' id='word_1_251' title='bbox 306 4545 436 4658; x_wconf 84' lang='lat' dir='ltr'>hisce</span> <span class='ocrx_word' id='word_1_252' title='bbox 462 4547 718 4662; x_wconf 81' lang='lat' dir='ltr'>iubsrdiatiis</span> <span class='ocrx_word' id='word_1_253' title='bbox 746 4587 799 4650; x_wconf 83' lang='lat' dir='ltr'>ex</span> <span class='ocrx_word' id='word_1_254' title='bbox 835 4550 1014 4650; x_wconf 74' lang='lat' dir='ltr'>licarniis</span> <span class='ocrx_word' id='word_1_255' title='bbox 1050 4556 1234 4650; x_wconf 82' lang='lat' dir='ltr'>materia</span> <span class='ocrx_word' id='word_1_256' title='bbox 1268 4557 1317 4648; x_wconf 90' lang='lat' dir='ltr'>in</span> <span class='ocrx_word' id='word_1_257' title='bbox 1342 4578 1516 4658; x_wconf 87' lang='lat' dir='ltr'>tantum</span> <span class='ocrx_word' id='word_1_258' title='bbox 1536 4583 1688 4648; x_wconf 86' lang='lat' dir='ltr'>excre-</span> 
     </span>
     <span class='ocr_line' id='line_1_32' title="bbox 164 4587 1686 4894; baseline 0.003 -114"><span class='ocrx_word' id='word_1_259' title='bbox 164 4693 305 4811; x_wconf 82' lang='lat' dir='ltr'>verit,</span> <span class='ocrx_word' id='word_1_260' title='bbox 340 4712 505 4802; x_wconf 83' lang='lat' dir='ltr'>utnon</span> <span class='ocrx_word' id='word_1_261' title='bbox 527 4587 898 4798; x_wconf 80' lang='lat' dir='ltr'>contemnendam</span> <span class='ocrx_word' id='word_1_262' title='bbox 932 4687 1138 4894; x_wconf 71' lang='lat' dir='ltr'>ppusculi</span> <span class='ocrx_word' id='word_1_263' title='bbox 1173 4719 1344 4822; x_wconf 81' lang='lat' dir='ltr'>partem</span> <span class='ocrx_word' id='word_1_264' title='bbox 1368 4683 1686 4816; x_wconf 84' lang='lat' dir='ltr'>¹constitueret,</span> 
     </span>
     <span class='ocr_line' id='line_1_33' title="bbox 321 4833 1689 4922; baseline 0.004 -5"><span class='ocrx_word' id='word_1_265' title='bbox 321 4865 323 4875; x_wconf 19' lang='grc' dir='ltr'>Α</span> <span class='ocrx_word' id='word_1_266' title='bbox 581 4851 584 4860; x_wconf 86' lang='lat'>·</span> <span class='ocrx_word' id='word_1_267' title='bbox 984 4833 1010 4892; x_wconf 63' lang='lat'>¹*</span> <span class='ocrx_word' id='word_1_268' title='bbox 1562 4851 1689 4922; x_wconf 87' lang='lat' dir='ltr'>natus</span> 
     </span>
    </p>
   </div>
   <div class='ocr_carea' id='block_1_4' title="bbox 0 0 2113 5414">
    <p class='ocr_par' dir='ltr' id='par_1_4' title="bbox 0 0 2113 5414">
     <span class='ocr_line' id='line_1_34' title="bbox 0 0 2113 5414; baseline 0 0"><span class='ocrx_word' id='word_1_269' title='bbox 0 0 2113 5414; x_wconf 95' lang='lat' dir='ltr'> </span> 
     </span>
    </p>
   </div>
  </div>
 </body>
</html>
